1924 3322
212 153 244 192 us
259 151 316 190 reru
331 153 427 192 uurrrru
444 151 675 194 coumuuunrrorrrs.
797 145 843 194 too

36 229 80 282 Sed
100 228 212 282 executio
226 229 457 294 segniturjndioium.
473 233 533 296 Ergo
546 231 584 283 ille
605 229 665 296 iguis
683 231 794 296 judicium
808 245 844 287 se·

37 307 135 367 guelur.

66 377 118 426 Sed
131 377 212 425 eontra
231 379 281 437 est,
296 375 357 438 quod
377 375 458 428 dicitur
468 375 491 426 iu
505 377 573 428 Prot.
585 377 652 428 xcvl
667 391 674 428 s
691 378 777 442 ulgnis
790 380 843 429 aula

37 448 115 513 ipsum
130 448 278 512 precedet.»
660 450 663 460 “

67 522 205 581 meteret,
220 518 354 570 resurreetio
367 520 481 583 precedet
491 519 620 583 judicium,
630 521 686 571 aliis
697 534 742 574 uon
757 521 844 572 rideret

35 590 115 643 omnis
131 591 213 642 ooulus
223 590 338 642 Christum
347 591 499 655 judicantem.
508 591 553 642 Sed
564 593 644 642 mundi
654 591 799 656 eontagmtio
807 605 844 643 re-

36 663 210 714 surrectionem
230 662 352 725 preeedet.
375 661 454 716 Sancti
474 663 535 714 enim
553 663 593 728 qui
613 668 732 726 resurgent
750 677 843 730 ourpora

34 735 169 800 spiritualia
182 738 206 786 el
218 735 368 799 impassibilia
382 734 512 795 habebunt,
527 740 550 788 st
560 736 592 786 ita
602 749 649 786 nou
664 739 771 799 poterunt
790 751 844 801 pur·

34 809 82 871 gari
95 821 141 872 per
150 809 243 872 iguem3
257 806 310 859 sirm
325 811 403 858 tamen
416 808 442 858 in
454 810 530 860 littera
546 808 603 873 (lv.
616 810 742 874 sentent.)
756 810 843 860 dicatur

34 887 61 929 ex
71 881 155 932 verbis
165 879 295 943 Augustini,
302 878 363 943 qudd
373 897 387 928 ι(
394 893 434 945 per
443 880 506 932 illurn
517 881 593 945 iguem
602 881 747 946 purgabitur,
758 881 842 945 siquid

35 952 58 1000 in
76 952 197 1017 aliquibus
210 951 240 1002 sit
260 952 412 1016 purgandum.
433 968 446 1000 u
465 953 524 1016 drgo
537 953 596 1017 ignis
609 953 649 1004 illo
658 953 771 1018 judicium
784 966 842 1018 pre·

34 1024 114 1075 tedet.

65 1093 341 1160 (Concursum-Cium
357 1100 496 1150 mortuorum
510 1095 644 1148 resurreetio
656 1095 767 1160 judicium
785 1110 843 1162 prae-

34 1181 132 1219 cessura
153 1167 201 1231 sit,
217 1167 364 1230 conflagratio
385 1167 446 1230 iguis
458 1172 569 1231 quantum
587 1168 615 1217 ad
631 1167 709 1218 muudi
726 1168 842 1232 purgatio·

34 1252 88 1290 nem
110 1243 203 1304 spectat
212 1278 223 1303 ,
233 1239 273 1290 liei
285 1239 396 1304 judicium
413 1240 527 1303 precedat
540 1241 646 1303 oportet,
661 1241 772 1302 quantum
786 1239 841 1290 verb

35 1312 120 1362 attinet
130 1312 160 1361 ad
171 1308 232 1361 illius
241 1311 300 1374 ignis
309 1314 392 1372 uotum,
405 1325 450 1374 quo
461 1312 533 1362 malos
542 1307 652 1372 involvet,
661 1310 771 1376 judicium
781 1310 841 1374 iguis

35 1382 242 1448 conflagrationem
256 1382 374 1446 anteibit.)

66 1456 209 1520 Respondes
221 1455 359 1519 dicendum,
374 1453 487 1519 quirina
505 1454 652 1518 conflagratio
666 1453 792 1506 secuudum
809 1455 843 1506 rei

37 1527 161 1578 ueritatem
171 1565 178 1590 ,
188 1529 298 1590 qrrauturn
310 1528 339 1576 ad
351 1526 386 1576 sol
399 1526 505 1589 initium,
515 1527 627 1591 iudicium
638 1527 760 1591 precedet.
778 1527 842 1585 Quod

36 1611 63 1646 er
75 1599 122 1650 hoo
138 1597 262 1650 manifeste
278 1597 353 1662 colligi
372 1602 460 1663 potest,
472 1599 532 1662 qudo
553 1601 692 1648 mortuorum
708 1598 842 1650 resurreetio

35 1669 151 1731 judicium
172 1670 298 1734 presedetg
314 1671 375 1734 quod
394 1673 457 1734 putet
476 1672 498 1719 1.
519 1669 637 1727 Thessal,
653 1670 691 1731 lll,
707 1668 843 1720 ubidicitur

38 1741 99 1802 qurdd
109 1741 146 1792 illi
156 1741 196 1805 qui
206 1739 356 1800 dormierunt,
373 1741 511 1804 «rapientur
524 1741 548 1790 iu
558 1753 610 1790 aera
621 1741 710 1790 obuiam
723 1740 813 1790 Christo
826 1755 841 1787 n

38 1811 65 1862 ad
77 1812 196 1875 judicium
212 1813 325 1863 uenienti.
337 1813 410 1863 Simul
419 1817 494 1862 autem
506 1813 549 1864 erit
560 1812 695 1864 resurreetio
705 1812 840 1874 communis,

39 1886 62 1931 et
79 1897 202 1948 corporum
217 1888 345 1936 sauctorum
363 1883 513 1948 glorificatio,
527 1884 599 1934 saneti
614 1884 674 1934 eninr
696 1888 841 1946 resurgentes

39 1968 136 2020 corpora
159 1955 256 2018 gloriosa
273 1961 404 2019 resument,
418 1961 444 2006 ut
459 1961 522 2020 patet
541 1969 581 2022 per
601 1956 657 2006 illud
679 1957 740 2020 quod
761 1955 842 2006 dieitur

38 2026 56 2073 l.
69 2028 201 2086 eor-ima,
213 2028 252 2078 XV
265 2041 272 2078 ι
287 2045 301 2075 u
311 2027 442 2078 seminatur
458 2027 481 2077 iu
496 2027 646 2090 ignobilitate,
662 2032 740 2090 surget
753 2027 778 2076 in
793 2026 842 2089 glo-

40 2097 85 2158 ria,
102 2099 198 2150 osimul
212 2104 288 2150 autem
302 2099 353 2150 oium
366 2113 458 2166 corpora
472 2105 600 2151 sanatorum
611 2098 843 2162 glorificabuntur,et

40 2170 87 2220 tola
101 2174 206 2222 erastum
220 2184 262 2222 sno
279 2173 346 2222 modo
363 2171 523 2234 renouabitur,
534 2176 560 2221 ut
578 2173 642 2234 patet
654 2183 695 2233 per
708 2168 763 2219 illud
782 2170 842 2232 quod
946 2195 949 2200 ·

40 2239 123 2292 dicitur
136 2242 173 2292 ad
187 2244 264 2298 Rom„
275 2243 325 2292 lllll
336 2258 342 2290 ε
354 2259 369 2290 u
381 2244 432 2308 lpsa
444 2247 546 2293 creatura
558 2241 690 2292 liberabitur
703 2239 716 2291 i
732 2239 842 2290 servitute

41 2313 194 2378 corruptionis
214 2314 237 2363 ln
253 2313 381 2364 libertatem
400 2313 478 2376 glorie
498 2314 596 2364 liliorum
618 2311 667 2362 liei.
682 2327 696 2358 »
717 2310 775 2361 Cim
787 2323 841 2374 ergo

41 2383 189 2448 conflagratio
205 2385 284 2436 muudi
299 2386 328 2436 sit
341 2385 463 2451 dispositio
477 2387 504 2435 ad
517 2384 685 2435 renovationem
700 2381 842 2447 predictam,

42 2457 67 2504 ut
76 2469 103 2506 er
113 2457 182 2506 dietis
193 2460 256 2520 patet
268 2458 302 2522 (iu
312 2459 356 2508 hoc
365 2471 429 2522 corp.
441 2462 464 2508 et
477 2461 521 2507 art.
532 2461 541 2506 l
560 2459 585 2505 et
599 2456 645 2520 t),
663 2454 784 2505 manifeste
798 2467 842 2518 po-

44 2529 86 2578 test
99 2528 177 2592 colligi
189 2528 250 2592 qudd
265 2529 310 2580 ista
327 2529 472 2594 conflagratio
487 2530 561 2593 quoad
579 2527 737 2592 purgationem
755 2528 841 2590 muudi,

41 2597 151 2659 judicium
172 2601 299 2663 praeedet3
323 2602 363 2651 sed
382 2601 456 2668 qruoad
476 2600 573 2663 aliquem
594 2603 686 2660 autum,
701 2597 741 2662 qni
758 2597 844 2649 scilieet

44 2673 77 2718 est
87 2671 206 2722 inuoluere
220 2672 307 2732 malos,
320 2672 431 2734 judicium
447 2675 562 2734 sequetur.

75 2743 107 2792 lu
123 2743 223 2807 primum
239 2757 292 2807 ergo
310 2744 442 2806 dicendum,
452 2743 513 2807 qubd
526 2740 665 2803 Augustinus
679 2753 725 2791 nou
744 2739 844 2804 loquitur

46 2812 233 2878 determinando,
251 2816 290 2865 sod
304 2816 431 2880 opinando,
443 2816 504 2878 quod
518 2817 580 2878 patet
593 2826 622 2864 ex
633 2813 676 2862 hoc
694 2813 753 2876 quod
767 2811 844 2876 sequi-

48 2885 97 2938 tur:
112 2889 191 2948 «due
205 2886 281 2942 omnia
299 2888 389 2954 quidem
403 2891 499 2940 uentura
515 2896 565 2938 esse
584 2883 723 2938 eredendum
736 2887 786 2946 est,
803 2883 843 2934 red
