1968 3294
344 145 373 184 ott
390 145 513 184 tuatonis.
771 141 831 203 ⁶9⁷¹

18 223 89 276 tioni
104 221 130 272 in
142 219 260 273 excellenti
277 218 365 272 nerito.
378 221 411 270 Ea
425 221 477 271 vero
492 233 542 286 quae
553 220 578 270 in
589 220 718 271 nominibus
729 221 757 273 ad
770 235 823 286 pcr-

21 295 158 347 lectionem
165 292 240 344 meriti
247 293 373 358 pertinent,
382 291 467 354 angelis
476 294 530 342 sunt
538 291 699 355 connaturalia,
710 293 823 342 ueletiam

21 367 142 430 spectant
158 365 185 414 ad
201 375 342 416 communem
356 375 433 414 eornrn
449 365 546 423 statum,
559 366 598 412 aut
617 361 685 412 etiam
703 363 731 413 ad
749 363 823 427 ipsum

21 435 153 500 praemiunr
167 433 294 484 essentiale.
312 432 341 482 lit
359 432 411 483 ideo
431 433 516 483 ratione
532 431 610 484 eidem
629 443 674 495 qua
694 433 824 484 hominibus

22 505 128 558 aureola
146 503 246 564 deleatur,
260 503 334 567 angeli
348 515 394 554 non
411 503 496 554 habent
514 504 622 554 aureolas.

35 591 37 598 ⁴
57 577 97 628 nd
109 575 207 640 primurn
220 587 273 638 ergo
281 575 413 635 dicendum,
426 573 486 638 quod
497 573 615 637 uirginitas
623 573 704 625 dicitnr
716 587 765 626 esse
777 575 825 626 rita

23 647 152 712 angelica,
164 645 187 695 in
200 650 309 708 quantum
322 657 362 709 per
375 643 468 709 gratiam
484 644 583 708 uirgines
595 643 712 695 imitantur
723 645 746 696 id
765 647 824 709 quod

23 719 111 782 angeli
127 717 210 766 habent
223 728 262 779 per
273 719 390 778 ‘naturam3
402 728 447 766 non
460 714 521 765 enirn
537 715 626 764 uirtutis
635 718 670 765 est
686 714 710 766 in
721 715 823 780 angelis,

24 785 95 854 quiid
114 785 206 838 ornnino
223 785 417 837 adeleotabilibus
433 785 507 836 carnis
517 784 662 847 abstineant,
677 785 728 836 cium
742 786 825 851 hujus-

24 859 96 913 modi
110 857 270 909 delectationes
284 857 307 908 in
321 857 356 908 eis
371 869 421 908 essu
436 869 482 907 rron
496 856 593 919 possint.

60 931 100 982 Ad
112 929 236 979 secundum
251 927 379 988 dicendum,
389 927 448 990 quon
462 929 569 990 perpetua
581 926 718 992 incorruptio
731 927 825 991 spiritus

25 1001 53 1050 in
69 997 162 1061 angelis
176 997 293 1061 praemium
304 997 425 1048 essentiale
437 1003 547 1059 meretum
558 1001 592 1048 est
606 997 665 1046 enim
679 999 707 1048 de
726 1011 825 1048 necessr-

26 1076 80 1123 taie
105 1071 201 1132 salutis,
216 1067 269 1118 cim
281 1069 305 1117 in
320 1069 355 1119 eis
370 1081 416 1120 non
435 1069 508 1130 possit
524 1067 632 1130 subsequi
648 1069 759 1131 reparatio
773 1073 826 1132 post

26 1143 136 1193 ruinam.

63 1211 103 1261 nd
116 1209 206 1259 tertium
221 1207 348 1268 dicendum,
359 1205 420 1271 quid
432 1206 466 1256 illi
478 1209 540 1256 actus
548 1205 671 1258 secundino
682 1220 739 1270 qnos
752 1208 826 1271 angeli

27 1295 77 1333 nos
89 1279 172 1332 docent
180 1314 188 1341 ,
197 1279 312 1344 pertinent
322 1278 350 1328 ad
361 1277 453 1342 gloriam
461 1289 537 1328 eorum
544 1279 569 1328 et
578 1288 718 1328 communem
726 1289 826 1341 ipsorum

29 1356 132 1414 statum.
147 1351 210 1403 llude
222 1361 264 1414 per
280 1348 412 1414 hujusmodi
423 1351 488 1400 actus
502 1347 615 1399 numnam
635 1359 680 1398 nnn
701 1354 826 1408 merentur.

331 1525 488 1584 contentus
503 1525 532 1578 X.

181 1653 265 1698 illrum
273 1651 370 1696 aureola
380 1651 451 1694 etium
466 1647 558 1706 corpori
567 1649 687 1695 delentur»

66 1781 105 1833 nd
117 1777 227 1830 decimum
237 1777 270 1826 sic
279 1773 415 1839 proceditur.
428 1772 521 1823 Videtur
529 1771 589 1836 quod
598 1774 688 1822 aureola
698 1771 768 1823 etiam
779 1785 828 1826 cor·

32 1852 90 1918 pori
103 1849 218 1901 debeatur.
228 1845 349 1898 Praemiurn
360 1843 420 1894 enim
433 1843 551 1894 essentiale
563 1845 597 1894 es
608 1842 684 1906 polius
693 1843 761 1908 quini
771 1843 829 1894 coni.

33 1920 139 1974 dentale.
149 1919 195 1970 Sed
208 1919 265 1978 dos,
278 1927 328 1980 qun
347 1915 376 1965 ad
391 1913 508 1978 premium
527 1911 650 1964 esrencale
664 1913 700 1976 (t)
713 1913 827 1976 pertinet,

34 2005 84 2044 non
102 1987 175 2040 solium
188 1991 224 2040 est
235 1988 260 2038 in
276 1986 369 2046 anima,
387 1984 427 2035 scd
440 1983 508 2035 etiam
521 1983 546 2033 in
560 1995 661 2047 corpure.
676 1983 735 2047 crgo
749 1986 772 2034 ct
785 1996 830 2034 arr-

34 2062 115 2118 reola‚
132 2071 182 2124 qua
194 2059 292 2124 pertinet
304 2056 333 2107 ad
346 2053 463 2119 premium
476 2053 621 2104 accidentale.

67 2137 95 2182 s.
110 2130 234 2192 Preterea,
248 2129 340 2193 peccato
352 2126 411 2189 qnod
425 2136 558 2188 percorpus
571 2125 695 2184 exercetur,
709 2122 830 2187 respondet

36 2212 109 2270 poena
122 2199 147 2250 in
157 2198 232 2248 anima
241 2201 265 2250 et
277 2209 378 2266 corporo.
387 2195 445 2256 Ergo
458 2198 483 2244 et
495 2193 575 2244 nerito
588 2193 649 2258 qnod
661 2195 778 2244 exercetur
788 2203 830 2256 per

37 2285 123 2337 corpus
136 2269 229 2321 dclretnr
240 2268 358 2332 premium
370 2265 426 2316 ctio
440 2263 514 2314 anima
527 2266 552 2314 et
564 2264 590 2314 in
601 2275 706 2328 corpore.
719 2263 764 2313 Sed
778 2275 831 2312 mes

38 2343 110 2394 ritum
125 2340 221 2392 aureola
239 2349 374 2402 percorpus
391 2339 516 2386 exercetur.
529 2333 588 2398 lieno
604 2333 775 2392 aureolaettam
791 2333 832 2383 de·

39 2416 107 2466 betur
121 2411 220 2475 corpori.

77 2528 112 2592 (1)
127 2530 170 2583 Vel
190 2528 328 2585 formaliter,
347 2532 457 2584 tanquam
477 2523 551 2578 ipsum
572 2522 689 2579 preamium
711 2520 832 2566 essentiale

43 2593 202 2648 constituens,
216 2596 242 2636 ut
257 2593 320 2649 patet
332 2589 412 2634 saltem
426 2587 451 2630 in
461 2585 548 2630 vicione
558 2615 565 2642 ‚
574 2595 634 2640 'qnae
648 2583 720 2641 prima
733 2582 832 2637 deusest,

45 2658 83 2702 rol
96 2656 121 2699 in
136 2653 259 2708 fruitione,
273 2655 341 2707 prout
357 2651 386 2693 ad
403 2648 544 2693 intellectum
557 2649 661 2704 spectat,
677 2651 700 2690 et
713 2650 748 2690 cst
766 2643 832 2700 quusi

45 2715 236 2774 comprehensim
258 2715 295 2757 vel
316 2715 496 2766 consequenter,
512 2713 536 2752 ut
553 2718 582 2751 ex
600 2707 639 2752 illo
654 2719 694 2763 per
710 2706 833 2762 qnamdam

46 2779 174 2824 naturalem
191 2773 352 2821 cohaerentiam
366 2773 454 2830 fluens,
467 2777 493 2815 nt
503 2769 595 2815 dilectio
610 2769 646 2816 rol
660 2769 737 2814 truitiu
766 2773 834 2818 orout

47 2846 85 2886 cst
96 2845 162 2886 actua
172 2837 303 2884 uoluntatis.
