1924 3322
200 145 232 181 nn
249 142 432 181 connumeramus
449 143 647 193 desudassemus,
663 143 718 182 ura.
818 135 863 182 tte

87 221 123 272 Ad
143 220 268 271 seeundum
290 220 425 282 dicendum,
445 219 505 284 qudd
527 219 602 270 anime
623 225 726 287 separata
742 221 863 286 ieorpore

42 295 137 344 manet
147 292 171 342 iu
186 291 264 342 eadem
275 294 354 342 natura
365 304 433 354 quam
442 292 540 342 habebat
550 291 602 341 eim
611 290 703 356 corpori
716 294 778 342 esset
788 293 861 358 uuita,

42 365 118 429 quod
133 363 162 414 de
172 375 265 426 corpore
281 376 328 413 nou
342 362 466 427 »contingit
480 363 509 412 iit
522 363 575 414 ideo
589 375 637 414 nou
651 366 688 414 est
701 364 786 414 simite.
815 422 817 430 Ι

86 435 124 497 dd
146 433 238 486 tertium
253 431 386 497 dicendam,
402 433 462 498 qudd
474 435 569 486 verbum
587 434 644 486 illud
662 436 703 487 tob
717 448 764 486 nou
774 439 810 500 est
823 435 860 485 in-

42 505 209 570 telligendum
223 505 283 570 quod
290 504 347 554 vitia
356 509 408 556 autu
417 508 525 556 maneant
536 506 560 556 iu
570 507 703 570 pulveribus
713 509 862 569 mortuorum,

41 577 97 628 sed
117 575 244 628 secundiani
265 575 367 626 ordinem
385 577 470 629 divine
488 577 600 642 justitie,
616 589 661 642 quo
686 581 740 629 sunt
761 577 864 642 deputati

46 647 151 700 cineres
163 647 197 699 ilii
210 649 239 698 ad
253 647 356 712 corporis
366 649 531 712 reparationem
542 649 620 712 ‚duod
633 663 673 713 pro
687 650 787 714 peccatis
801 661 865 701 com·

47 718 139 770 missis
161 719 298 770 cruciabitur
318 717 342 768 in
363 723 483 770 aternum.

412 906 489 922 w

244 1043 247 1050 ’
298 1063 466 1134 ounsrro
485 1062 627 1130 urnii.

103 1206 141 1254 Da
152 1173 334 1252 eonditiouidor
346 1205 545 1262 resurgentium,
557 1197 579 1250 et
590 1203 674 1261 primo
688 1203 718 1248 da
731 1215 818 1249 eorum

215 1275 355 1330 identitate,
374 1277 404 1321 tae
418 1281 466 1321 tres
479 1274 600 1321 articulos
614 1274 705 1320 diuisa.

87 1427 263 1489 Gonsequeuter
281 1425 395 1488 agendum
411 1426 447 1476 est
460 1425 488 1474 de
503 1422 674 1476 conditionibus
687 1419 865 1486 resurgentium.

48 1498 103 1550 Ubi
114 1496 190 1562 primo
206 1495 357 1546 consideratio
375 1496 419 1546 erit
432 1495 461 1546 de
471 1495 510 1546 his
523 1508 575 1558 qua
589 1493 739 1548 communiter
755 1493 783 1544 ad
793 1494 866 1544 honos

48 1573 76 1620 et
98 1567 174 1618 maios
193 1566 323 1631 pertiuent3
339 1567 455 1630 secunda,
474 1567 502 1616 de
517 1565 554 1616 hie
572 1579 623 1628 qua
637 1564 727 1616 mutim
748 1565 776 1614 ad
792 1564 865 1616 bonos

49 1639 194 1706 pertinent3
207 1638 289 1700 tertia,
304 1638 333 1688 de
343 1638 380 1688 iris
397 1651 447 1700 quo
459 1639 563 1701 spectant
577 1635 666 1686 tautim
681 1637 710 1686 ad
723 1635 804 1686 mulos.

85 1709 125 1762 ud
141 1709 215 1760 bonos
231 1712 307 1760 autem
321 1711 345 1759 et
357 1709 430 1760 maios
444 1708 595 1758 communiter
608 1707 651 1757 tria
667 1705 783 1772 pertinent
798 1721 805 1757 ι
821 1705 865 1756 sei·

50 1783 114 1834 licet
124 1779 228 1844 ipsorum
238 1779 354 1842 identitas,
364 1779 484 1842 integritas
499 1782 523 1830 et
540 1777 651 1841 qualitas3
665 1775 769 1841 etprim'o
782 1775 865 1828 uidon-

51 1853 114 1904 dum
130 1853 167 1902 est
184 1851 212 1902 de
228 1851 393 1916 resurgentium
416 1850 551 1911 identitate;
570 1848 688 1912 seeundo,
703 1849 864 1914 decerperem

52 1922 205 1986 integritate
220 1921 296 1986 tertii,
312 1923 339 1973 da
350 1923 452 1986 ipsorum
465 1921 584 1985 qualitate.

88 1993 160 2045 Cium
178 1991 278 2057 nmmum
298 1996 430 2056 queruntur
452 1993 496 2042 tria
510 2008 517 2042 :
533 1996 560 2042 1⁰
581 1991 663 2044 Uirium
685 1991 747 2043 idem
767 2002 864 2050 numero

51 2079 146 2130 eorpus
166 2067 277 2128 resurget.
299 2067 326 2114 2⁰
339 2063 420 2116 Utrim
440 2063 500 2115 idem
525 2077 620 2130 numero
638 2065 717 2114 homo.
738 2066 766 2112 ³⁰
784 2059 865 2112 Uirium

51 2138 164 2202 oporteat
177 2135 269 2187 eosdem
279 2135 385 2200 pulveres
393 2135 422 2186 ad
432 2136 523 2188 easdem
533 2138 610 2199 partes
618 2135 643 2188 iu
652 2134 735 2198 umbus
748 2136 803 2184 ante
813 2131 865 2181 tue-

52 2211 126 2272 raui,
140 2206 235 2260 reuerti.
665 2239 667 2242 -

364 2321 525 2374 auricuttts
541 2321 561 2371 I.

144 2433 231 2496 derum
242 2447 326 2494 animo
340 2447 402 2493 idem
419 2459 504 2504 eorpus
521 2453 622 2490 numero
640 2445 747 2489 resumat
759 2443 786 2487 ire

373 2511 555 2557 resurrectione.
601 2507 605 2526 ¹

92 2641 128 2694 td
140 2640 239 2707 nuruum
253 2639 287 2690 sio
301 2638 440 2703 proceditur.
452 2636 547 2688 Videtur
556 2633 616 2698 quod
629 2646 676 2685 nou
690 2633 750 2684 idem
770 2643 867 2685 numero

56 2725 144 2779 eorpus
156 2711 235 2764 anima
253 2710 390 2764 resumetiu
405 2707 579 2762 resurretione.
593 2707 604 2756 I
620 2706 690 2762 eor„
705 2703 767 2754 XV:
783 2719 797 2752 a
812 2705 867 2754 Nou

57 2797 143 2851 eorpus
159 2784 222 2849 qnod
233 2783 334 2834 intusum
344 2785 392 2847 est,
401 2780 509 2844 seminas,
521 2779 561 2830 sed
575 2779 662 2828 nudum
674 2789 778 2841 merum.
790 2792 804 2824 u
818 2775 866 2827 Sed

60 2855 188 2922 inautus
198 2854 232 2908 tui
243 2857 360 2918 mmpaat
371 2857 467 2906 mortem
478 2848 635 2914 seminationi,
647 2851 671 2902 et
678 2845 867 2900 resurrectionem
