2026 3304
158 171 204 220 {tt
304 179 506 230 suaacunmraruu,
520 179 615 226 onear.
631 179 681 230 arv,
697 179 754 220 aar.
770 183 808 220 nn.

157 257 275 322 placentie
289 255 405 320 epressio‚
421 257 460 320 qui
479 257 606 322 deperiret,
627 257 647 307 si
664 257 772 321 quelibet
790 257 964 323 consanguinea
1003 281 1004 284 ¹

157 333 236 394 posset
248 329 271 378 in
283 328 451 378 matrimonium
462 328 522 390 duci,
536 329 590 392 quia
600 342 696 392 magnas
706 329 896 393 concupiscentie
911 331 965 382 adi-

157 403 197 450 tus
214 401 365 464 praeberetur,
380 399 426 448 nisi
439 400 499 451 inter
512 401 563 450 illas
576 413 684 463 personas
697 414 754 464 quas
767 405 856 464 oportet
868 401 894 452 in
914 417 962 454 ea-

158 470 210 521 dem
232 471 298 522 domo
314 471 461 532 conversam,
481 475 541 522 esset
562 471 659 522 carnalis
674 473 755 536 copula
778 473 910 524 interdicta.
931 476 966 527 Et
1003 501 1004 522 1

157 542 210 595 ideo
221 542 258 593 lex
267 541 344 593 diuina
358 555 405 594 non
413 543 486 594 solim
496 547 584 606 patrem
595 547 618 593 et
632 547 725 593 matrem
737 544 835 594 excludit
852 545 964 596 duratri-

160 615 252 677 monio,
264 617 305 667 sed
316 614 385 666 etiam
394 616 451 665 alias
461 617 599 679 conjunctas
610 628 718 678 personas
727 628 783 678 quas
792 619 883 680 oportet
893 617 967 670 simul

155 687 304 750 conuersari,
323 691 346 738 et
363 701 413 750 que
426 687 509 737 debent
523 687 623 736 invicem
633 687 702 736 altera
716 686 809 736 alterins
823 687 964 750 pudicitiam

156 759 283 810 custodiro.
293 760 322 808 Et
330 760 489 808 lraoccausam
500 759 604 820 assignat
611 757 689 807 diuina
696 757 734 808 lex
745 759 940 824 (Laoit.,llVlll)
956 775 963 812 :

155 847 174 880 a
186 831 220 881 Ne
235 832 323 882 reveles
341 831 504 894 turpitudinem
519 830 572 880 talis
586 829 624 879 vel
640 828 708 890 talis,
724 829 776 892 quia
788 830 906 893 turpitudo
919 835 966 882 tua
1003 849 1004 860 ¹

159 906 204 954 est.
221 919 235 950 n
251 903 295 954 Sed
309 917 350 967 per
359 903 464 952 accidens
477 900 529 952 linis
539 899 678 950 matrimonii
691 903 728 950 est
744 901 905 952 confederatio
919 903 966 954 lno-
1003 959 1004 964 ἵ

157 976 244 1024 minum
256 978 279 1025 et
288 975 394 1025 amicitiae
404 974 579 1037 multiplicatio,
595 975 648 1023 dnm
663 973 731 1023 domo
742 973 770 1022 ad
780 974 967 1038 consanguineos

155 1047 234 1096 uxoris
246 1047 306 1096 sicut
315 1047 342 1096 ad
353 1059 406 1096 suos
419 1058 444 1096 se
454 1046 532 1096 habet.
546 1047 574 1095 Et
583 1045 634 1095 ideo
646 1043 699 1094 hnic
713 1043 895 1108 multiplicationi
903 1047 967 1098 ami·
1003 1083 1004 1104 i

154 1117 215 1168 citiae
237 1118 396 1181 prejudicium
422 1119 501 1180 fieret,
524 1118 544 1168 si
565 1117 648 1180 aliqrris
677 1116 787 1179 sangnine
812 1117 964 1180 conjunctam

156 1203 250 1240 uxorem
263 1191 372 1252 duceret,
386 1189 439 1253 qnia
451 1203 480 1239 en
489 1191 533 1239 hoc
547 1201 607 1239 nova
621 1187 721 1237 amicitia
737 1201 778 1251 pan
790 1190 966 1242 matrimonium
1003 1213 1004 1252 ς

157 1261 215 1311 nulli
224 1265 372 1312 accresceret.
387 1263 417 1310 Et
427 1261 493 1320 idco,
505 1259 634 1309 secunddm
643 1257 706 1322 leges
714 1260 827 1308 humanas
839 1263 862 1310 et
874 1265 967 1314 statuta
1003 1263 1004 1266 ’

156 1331 280 1396 Ecclesiae,
299 1333 376 1396 plures
398 1329 602 1394 consanguinitatis
617 1330 700 1391 gradus
722 1333 775 1379 sunt
791 1329 963 1386 dmatrimonio

157 1403 264 1467 separati.
278 1404 316 1453 Sic
327 1415 380 1464 ergo
392 1415 422 1451 ex
432 1400 498 1450 dictis
511 1403 574 1464 patet
583 1399 644 1463 quod
653 1400 838 1464 consanguinitas
849 1403 964 1464 quantiam

156 1477 185 1528 ad
207 1475 294 1538 aliquas
312 1486 422 1538 personas
434 1471 531 1536 impedit
548 1471 716 1521 matrimonium
731 1473 822 1537 dejure
843 1475 963 1537 naturali,

80 1571 82 1576 ·
155 1545 266 1608 quantiam
281 1547 309 1595 ad
326 1545 421 1608 aliquas,
435 1544 463 1594 de
475 1546 528 1608 jure
537 1543 623 1603 divino,
633 1545 656 1592 ei
667 1547 777 1606 quantum
788 1544 817 1594 ad
826 1544 923 1610 aliquas,
934 1547 966 1598 de

152 1617 206 1682 jare
219 1629 261 1680 per
275 1615 381 1667 homines
394 1615 509 1666 instituto.
1003 1657 1004 1682 3

188 1689 221 1739 nd
238 1687 336 1751 primum
351 1699 404 1750 ergo
423 1687 541 1736 dicendum
552 1723 558 1749 ,
569 1684 630 1749 qudd
648 1685 710 1746 Eva,
725 1685 829 1748 quamvis
842 1700 871 1737 ex
886 1688 963 1739 Adanu
1003 1727 1004 1730 ,

155 1759 250 1824 prodiit,
266 1763 398 1808 nontamen
412 1758 456 1807 luit
469 1758 514 1807 filia
528 1757 592 1819 Adae,
607 1756 659 1819 quia
673 1769 720 1807 nou
735 1757 820 1820 prodiit
834 1771 862 1808 ex
878 1771 906 1809 eo
919 1773 965 1823 pen

156 1829 248 1879 modum
264 1827 328 1879 illum
341 1841 386 1891 quo
400 1827 435 1876 rir
449 1832 515 1878 natus
529 1831 565 1878 est
578 1839 686 1890 generare
699 1827 741 1877 sibi
755 1827 853 1878 similem
868 1829 892 1879 in
906 1843 966 1892 spa·
1003 1841 1004 1844 ’

153 1899 207 1960 cio,
223 1900 262 1948 sed
280 1898 411 1962 operatione
429 1898 521 1961 divina,
536 1898 589 1961 quia
607 1897 640 1946 ita
654 1898 766 1962 potuisset
781 1911 811 1948 en
824 1904 886 1949 costa
906 1901 967 1954 tdae
1003 1955 1004 1958 ,

154 1969 207 2020 iteri
224 1981 386 2032 nauseantis,
403 1969 461 2019 sicut
478 1968 537 2019 facta
555 1969 660 2019 astilia.
674 1970 702 2019 Et
721 1969 772 2020 ideo
785 1983 832 2020 uon
847 1974 881 2021 est
895 1974 967 2024 tanta
1003 1977 1004 2016 ἶ

152 2041 266 2091 naturalis
275 2040 432 2092 convenientia
443 2041 496 2090 ilum
506 2041 535 2090 ad
546 2041 626 2101 ddam,
638 2040 697 2091 sicut
707 2040 759 2092 filie
770 2041 798 2091 ad
807 2045 965 2105 patrem3nec
1003 2041 1004 2074 ³

150 2113 227 2165 ⁴Adam
241 2117 276 2163 est
294 2114 395 2163 naturale
413 2113 551 2177 principium
568 2113 637 2175 Eva,
654 2112 713 2162 sient
726 2115 791 2176 pater
804 2112 863 2164 dte.

189 2184 221 2234 dd
237 2184 361 2234 secandum
381 2184 512 2248 dicendum,
528 2183 589 2248 qnod
603 2196 651 2233 non
666 2182 766 2246 procedit
779 2195 808 2233 on
820 2182 870 2246 lege
886 2185 965 2236 natu—

149 2254 199 2308 :sali
212 2254 272 2319 qudd
285 2255 356 2318 aliqui
374 2255 463 2306 barbari
478 2254 608 2318 parentibus
625 2252 745 2303 carnaliter
758 2253 963 2317 commisceantur„

157 2329 197 2378 sed
210 2339 239 2376 en
253 2326 442 2390 concupiscentiae
458 2327 551 2390 ardore,
566 2325 605 2389 qui
616 2325 689 2388 legem
708 2328 795 2376 natura
808 2324 877 2375 ineis
888 2323 965 2380 olias·

149 2395 228 2448 canit.

191 2469 223 2518 lid
238 2469 329 2518 tertium
339 2469 468 2532 dicendum,
478 2468 539 2534 qudd
553 2467 683 2532 conjunctio
699 2467 768 2517 maris
781 2472 805 2518 et
820 2467 913 2520 lemine
927 2470 968 2522 di-
1003 2463 1004 2466 ’

151 2540 217 2590 citur
233 2551 287 2589 esse
300 2539 328 2590 de
341 2539 394 2602 jaro
407 2541 519 2600 naturali,
535 2540 587 2604 quia
604 2544 684 2590 natura
697 2540 741 2590 hoc
750 2539 854 2590 animalia
863 2539 962 2605 docuit;

150 2611 199 2661 aed
209 2611 464 2674 lraucconjnoctionem
478 2612 567 2662 diversa
585 2611 692 2661 animalia
708 2609 859 2662 diversimode
872 2609 966 2675 docuit,

150 2679 283 2732 ¹secundina
298 2681 398 2733 diversas
412 2696 490 2735 eorum
505 2682 654 2732 conditiones.
668 2681 803 2732 commixtio
817 2685 893 2732 autem
907 2694 968 2734 can-

149 2752 219 2802 'natis
237 2753 383 2814 adparentes
404 2755 497 2816 derogat
516 2753 652 2804 reverentie
664 2765 716 2816 quaa
729 2751 763 2802 eis
777 2752 885 2819 debetur;
901 2752 968 2806 sicut

148 2822 219 2874 enim
233 2822 364 2886 parentibus
372 2824 454 2874 indidit
467 2828 547 2874 natura
559 2823 735 2876 sollicitudinem
747 2823 800 2874 liliis
811 2823 966 2888 providendi,

151 2891 190 2944 rita
208 2892 292 2944 indidit
305 2892 357 2944 liliis
376 2895 527 2948 reuerentiam
539 2894 569 2945 ad
581 2898 696 2960 parentes.
710 2895 773 2946 dtulli
785 2900 863 2948 aulem
879 2899 970 2960 nauem
