1954 3314
208 141 240 176 nn
255 139 409 176 suerranum.
424 139 555 178 ιοιιιοιιι
571 139 708 176 ιιιιιτοιιιιι.
814 129 858 175 iba

55 215 202 274 subtilitatis,
218 219 243 263 nt
254 214 358 266 dicantur
369 213 476 264 subtilia
489 218 581 278 propter
592 215 793 279 completissimaur
806 228 855 264 cor-

55 284 119 350 poris
128 285 302 351 perfectionem.
317 285 363 336 Sed
375 287 434 335 haue
447 285 621 350 completionem
637 285 727 348 quidam
742 285 777 336 eis
793 286 856 336 attri-

56 360 130 408 buunt
140 358 229 409 ratione
248 357 332 420 quinte
348 356 389 422 (id
400 359 436 408 est
447 356 563 420 ooelestis)
580 357 700 417 essentie,
716 371 766 421 qum
780 356 805 406 iu
822 356 856 407 eis

54 434 111 479 tuno
135 427 234 480 maxime
253 427 415 478 dominabitur.
429 429 493 488 Quod
509 441 560 479 esse
580 441 626 478 non
643 433 720 491 potest
737 444 743 478 :
762 426 856 492 primb,

53 501 111 564 quia
129 500 189 551 nibil
201 501 229 551 de
241 500 320 563 quinta
340 501 429 564 (idest
450 500 553 562 coelesti)
565 500 666 551 essentia
682 504 758 563 potest
777 499 858 550 uenire

54 569 282 632 incompositionem
296 571 395 634 corporis
405 607 411 628 ,
423 574 449 620 ut
461 570 485 619 iu
500 572 519 621 ll
528 571 568 621 tib.
581 571 769 621 Sententiarum
779 573 856 620 osten·

54 657 109 693 saur
130 646 175 692 est.
189 641 310 700 Secundo,
324 642 377 704 quia
391 643 443 694 dato
456 642 516 705 quod
529 641 618 692 veniret
628 641 653 690 iu
669 641 855 706 compositionem

55 713 161 779 corporis
170 711 272 771 humani,
284 726 330 763 non
344 716 422 776 posset
434 711 532 778 intelligi
543 713 602 777 quoi
614 714 768 764 dominaretur
784 712 858 774 magis

56 793 114 837 tnnc
133 785 200 850 quim
217 797 277 834 nunc
293 797 360 848 snpra
375 788 478 834 naturam
499 784 674 844 elementarem
690 784 735 836 nisi
753 783 784 834 ita
798 783 857 848 qubrl

55 865 113 908 tunc
131 863 194 908 essct
206 858 229 907 in
238 855 370 921 corporibus
384 857 490 908 humanis
504 857 556 922 plns
567 855 691 909 secundior
707 855 855 920 quantitatem

55 933 87 981 de
102 933 184 980 natura
201 927 305 989 cmlesti;
320 928 391 978 etsie
408 941 502 993 corpora
521 930 622 978 bumana
635 941 682 978 nou
701 930 779 978 esseut
794 927 856 990 ejus·

55 1004 111 1052 dem
129 1003 236 1063 statmo,
246 999 289 1050 nisi
298 997 357 1051 lorti
366 998 506 1050 minueretur
515 999 609 1050 materia
623 997 768 1049 elementaris
779 998 802 1047 in
816 999 858 1047 bo·

57 1072 138 1134 mine,
154 1072 215 1136 quod
233 1075 345 1134 repugnat
357 1071 484 1135 integritati
505 1070 689 1133 resurgentium
704 1069 741 1118 uel
754 1069 787 1119 ita
797 1069 859 1132 quoi

56 1149 141 1194 natura
158 1143 302 1194 elementaris
320 1141 424 1194 indueret
437 1141 586 1206 proprietates
604 1145 691 1192 nature
710 1139 809 1190 coelestis
829 1154 858 1192 ex

55 1215 110 1276 ejns
124 1212 226 1263 dominio
240 1211 265 1261 in
284 1225 395 1276 corpore,
413 1217 437 1262 et
454 1211 488 1262 sio
506 1211 616 1262 naturalis
630 1211 701 1261 uirtus
718 1215 777 1262 esset
790 1224 859 1261 cansa

56 1284 207 1350 proprietatis
225 1284 346 1347 gloriose,
360 1283 421 1346 quoi
432 1284 553 1334 absurdam
567 1287 613 1333 est.

90 1356 121 1404 Et
140 1353 192 1405 ideo
213 1354 252 1404 alii
265 1355 345 1405 mount
361 1353 421 1418 quii
439 1355 499 1405 dicta
514 1354 635 1418 completio
648 1365 678 1403 ex
698 1366 743 1415 qua
763 1365 858 1416 corpora

56 1429 161 1476 bumana
175 1425 284 1476 subtilia
295 1425 409 1486 dicentur,
421 1425 464 1476 erit
474 1439 503 1476 ex
517 1425 617 1475 dominio
635 1424 716 1474 animae
729 1423 859 1485 glorificate

55 1501 65 1562 (
73 1511 127 1562 quae
144 1501 178 1547 est
188 1498 259 1548 torma
272 1495 388 1560 corporis)
403 1509 471 1560 super
484 1497 575 1560 ipsum;
595 1496 680 1546 ratione
696 1496 764 1558 cujus
777 1507 860 1559 corpas

56 1569 185 1632 gloriosum
201 1567 339 1632 spirituale
354 1569 453 1632 dicitur,
472 1569 537 1631 quasi
554 1585 567 1615 ιι
580 1568 673 1618 omuino
694 1565 786 1632 spiritui
807 1567 861 1616 sub·

54 1644 156 1704 jectum.
167 1655 182 1686 »
193 1640 267 1689 Prima
282 1643 358 1690 autem
372 1639 483 1703 subiectio
493 1652 537 1702 qua
548 1652 630 1702 carpus
638 1637 720 1688 anime
730 1636 859 1702 subjicitur,

57 1717 97 1762 est
108 1711 137 1762 ad
148 1711 327 1776 participandum
338 1725 389 1760 esse
405 1709 552 1776 specificam,
567 1713 634 1774 prout
647 1709 767 1774 subjicitur
777 1708 821 1772 ipsi
835 1713 860 1757 ut

59 1784 156 1835 materia
169 1784 297 1847 iorme3et
311 1783 393 1834 deinde
413 1781 532 1847 subjicitur
545 1782 567 1832 ei
577 1783 606 1832 aul
617 1781 662 1832 alia
677 1793 746 1846 opera
761 1780 859 1841 anime,

58 1860 130 1920 prout
142 1854 219 1905 arbua
232 1859 268 1904 est
279 1859 361 1906 motor.
377 1855 407 1904 Et
418 1854 471 1906 ideo
483 1853 556 1917 prima
574 1853 632 1904 ratio
651 1851 819 1918 spiritualitatis
833 1851 859 1902 in

59 1940 155 1991 corpore
172 1929 207 1976 est
219 1939 248 1975 ex
263 1925 403 1990 subtilitate;
414 1932 438 1976 et
449 1926 529 1977 deinde
541 1938 570 1976 ex
582 1924 697 1986 agilitate,
706 1929 730 1976 et
743 1925 793 1974 aliis
805 1937 859 1988 pro-
919 1921 920 1926 ’

59 1997 198 2063 prietatibus
210 1997 309 2062 corporis
319 1999 420 2061 gloriosi.
433 1999 461 2048 Et
475 2001 567 2062 propter
584 1997 628 2048 hoc
640 1998 762 2062 Apostolus
772 1995 797 2045 iu
808 1995 856 2058 spi-

59 2070 187 2120 ritualitate
206 2068 282 2131 tetigit
298 2069 373 2120 domm
397 2069 548 2131 subtilitatis,
563 2073 588 2118 ut
611 2067 712 2132 magistri
734 2069 860 2132 exponunt.

59 2141 128 2192 Unde
139 2139 209 2190 etiam
222 2139 343 2204 Gregorius
356 2139 410 2192 dicit
420 2140 445 2190 in
456 2140 507 2194 XlV
519 2139 613 2190 ilorci.
629 2139 677 2204 (nbi
692 2138 785 2202 cupri),
800 2137 861 2201 qn'od

62 2229 77 2260 ι
91 2223 177 2275 corpus
190 2209 313 2274 gloriosum
322 2211 405 2261 dieitur
418 2211 501 2262 subtile
513 2224 553 2274 per
566 2211 671 2261 ellectum
683 2207 806 2274 spiritualis
822 2219 863 2272 po·

60 2282 174 2332 tentia.»

95 2353 124 2402 Et
137 2365 178 2416 per
198 2354 243 2402 boc
262 2357 325 2416 patet
347 2354 430 2404 solutio
452 2355 480 2404 ad
499 2353 602 2417 objecta,
618 2365 668 2415 que
690 2351 862 2416 procedentis

64 2423 190 2476 subtilitate
212 2437 264 2488 quae
279 2429 313 2475 est
326 2439 367 2491 per
380 2425 561 2476 rarelactionem.
798 2447 804 2454 -
