1998 3326
136 157 192 212 itu,
293 165 494 217 anonumum,
511 165 604 212 numer.
620 165 670 218 niv,
687 161 743 206 aar.
760 159 778 206 ι’.

152 243 200 296 ,ad
207 241 300 294 tertium
313 242 444 303 dicendum,
454 241 524 306 quod,
534 243 594 293 sicud
600 243 739 308 probabilius
750 243 851 306 uidetur,
858 257 943 308 qnam·

134 314 171 367 nis
193 314 285 376 quidam
306 314 444 364 contrarium
467 313 585 378 dixerint,
599 315 668 366 etiam
688 315 762 366 draci
784 327 831 366 non
852 316 943 367 debent

134 386 241 436 eumdere
261 385 289 434 ad
310 397 385 436 sacros
399 385 494 436 ordines
510 385 560 435 sine
577 397 691 436 consensu
704 397 816 450 unorum,
836 387 892 450 qnia
910 388 943 438 ad

136 456 212 509 minus
228 460 329 520 tempore
346 456 467 507 ministerii
485 459 521 508 sui
534 457 692 508 mandarentur
705 457 776 510 debiti
790 458 938 520 redditione;

136 537 181 588 quo
200 525 297 576 fraudari
314 539 360 578 non
379 532 491 591 possunt,
506 528 634 578 secuudum
649 527 750 580 ordinem
769 529 849 593 juris,
861 530 882 581 si
904 529 943 580 eis

135 595 343 647 contradicentibus
356 601 395 646 ant
411 595 567 660 ignorantibus
582 597 625 647 uiri
637 597 730 648 ordines
744 599 897 664 susceperint.

155 666 201 717 aad
214 670 318 729 qnantum
327 667 455 732 dicendum,
464 668 534 732 quod,
546 669 605 720 siunt
613 669 703 730 dicitur,
713 681 740 720 eo
753 669 803 733 ipso
813 669 874 736 qudd
884 685 943 722 mn-

138 736 181 788 lien
194 738 314 798 consentit,
325 740 383 802 apud
398 739 495 803 Grecos,
510 739 570 803 quod
584 740 620 789 vir
634 753 689 790 suus
703 739 805 790 ordinem
819 741 942 806 sincipiti,

138 806 224 870 obligat
241 821 266 860 se
280 808 310 858 ad
325 809 367 860 hou
384 809 444 873 quod
462 811 548 874 ipsein
565 815 701 874 perpetuum
716 811 781 862 alteri
793 823 839 862 non
851 812 941 876 nubat,
994 829 995 846 ¹

137 877 193 942 qnia
205 878 340 942 significatio
355 881 490 933 matrimonii
504 895 550 933 non
565 885 704 944 serenetur,
717 893 769 944 qua
782 883 806 930 in
822 883 947 934 matrimo-

141 952 180 1002 uio
191 951 314 1007 scordotis
328 952 443 1017 precipui
457 953 565 1016 eripitur.
580 953 692 1004 stantem
705 952 754 1004 sine
763 965 876 1004 oonsensu
886 954 945 1018 ejns

139 1021 269 1083 ordinatur,
283 1035 329 1073 nou
339 1023 430 1074 videtur
440 1026 467 1075 ad
483 1025 529 1075 hoc
540 1025 621 1074 teneri.
994 1031 995 1036 ’

154 1093 208 1144 ‚nd
223 1092 327 1157 quintum
336 1093 456 1146 dicendum
464 1131 473 1158 ,
482 1095 543 1160 qntd
556 1095 725 1149 matrimonium
739 1095 808 1148 habet
818 1105 860 1160 pro
871 1109 946 1149 cansa

140 1166 244 1215 nostrum
257 1177 408 1229 consensum
424 1179 470 1216 non
485 1169 560 1217 auum
572 1168 643 1229 ordo,
661 1168 701 1217 sed
712 1167 782 1217 habet
795 1179 886 1217 cansam
902 1181 946 1219 sn·

139 1236 299 1289 eumenidum
311 1237 484 1289 determinatam
495 1239 572 1290 adeo.
582 1239 612 1289 nt
622 1237 675 1290 ideo
683 1238 851 1290 matrimonium
859 1241 945 1303 potest

139 1306 247 1371 impediri
256 1319 284 1360 ex
301 1309 380 1360 ordine
396 1310 540 1372 precedente
553 1309 614 1373 quod
627 1323 673 1361 nou
688 1309 719 1360 sit
732 1323 812 1360 rerum
823 1309 945 1361 matrime-

140 1377 220 1442 nium3
236 1392 283 1428 non
298 1383 375 1430 autum
394 1379 449 1430 ordo
467 1393 495 1429 ex
509 1379 653 1430 matrimonio
675 1379 737 1443 quod
750 1393 798 1430 non
815 1380 847 1430 sit
869 1393 944 1431 verns

138 1449 209 1511 ordo,
224 1448 277 1512 quia
294 1456 486 1500 sacramentorum
502 1450 576 1500 uirtus
590 1453 624 1500 est
643 1449 805 1513 immutabilis,
820 1451 858 1501 sed
873 1453 942 1502 aetus

141 1519 234 1570 immani
255 1525 350 1583 possunt
373 1520 488 1585 impediri.

425 1858 583 1928 QUAESTIU
601 1859 668 1924 LIV.

159 1997 194 2046 ne
211 1997 381 2056 impedimento
395 1999 633 2112 conronpiutnttuttr,
646 2002 675 2046 tn
690 2007 797 2061 pensor
807 2005 930 2054 actitetur

510 2081 581 2117 consu.

152 2286 157 2296 Ι
174 2214 260 2266 Deinde
280 2213 466 2268 considerandum
483 2219 518 2266 est
530 2217 559 2268 de
576 2215 739 2282 impedimento
755 2221 948 2284 consanguinita-

141 2287 242 2406 migma
258 2358 318 2420 quod
337 2360 470 2419 queruntur
484 2364 581 2423 quatuor
595 2377 601 2410 ε
616 2365 643 2412 1⁰
656 2362 736 2412 Utrdm
756 2363 950 2427 consanguinitas

140 2426 304 2478 convenienter
318 2427 331 2478 i
344 2427 477 2490 quibusdam
494 2431 624 2484 definiatur.
637 2437 665 2484 2⁰
682 2432 762 2486 Utrirm
779 2433 949 2486 eonvenieuter

141 2495 293 2558 distinguatur
308 2511 348 2562 per
361 2499 443 2561 gradus
456 2505 479 2551 et
496 2501 579 2554 lineas.
594 2508 619 2552 ³⁰
629 2503 708 2556 Utrum
726 2505 756 2556 de
773 2504 825 2568 jure
841 2507 950 2557 inmundi

143 2565 313 2618 matrimonium
323 2569 458 2633 impediatur
474 2573 597 2624 secundum
610 2574 698 2638 aliquos
714 2575 807 2638 gradus.
821 2577 849 2624 pn
863 2575 949 2627 Utrum

142 2637 226 2699 gradus
238 2638 388 2703 impedientes
400 2641 571 2697 matrimonium
584 2645 674 2710 possint
685 2659 728 2712 per
742 2650 853 2699 statutum
866 2646 950 2700 Euole-

144 2706 184 2758 uiuo
199 2707 353 2762 determinari.

179 2857 214 2922 (1)
228 2863 262 2908 En
278 2866 321 2926 tv,
335 2866 413 2920 Sunt„
424 2867 477 2915 dist
489 2867 529 2929 to,
544 2879 585 2926 qu.
597 2867 621 2928 1,
635 2875 680 2918 art.
699 2869 712 2916 1
726 2877 751 2918 et
763 2881 832 2930 seqq.
