1976 3306
299 157 329 194 nu
345 155 420 194 nosne
436 153 608 194 unnnuuonuu.
799 147 851 195 'itt

45 234 96 298 epit
115 233 142 282 in
154 230 237 282 uirtute
249 229 338 295 propriu
351 235 375 280 et
390 242 430 294 per
442 229 559 294 proprium
572 228 681 291 modum,
693 230 734 282 sed
747 231 815 282 etiem
824 233 850 283 in

45 305 137 356 uirtute
161 299 292 366 principalis
312 297 414 364 agentis,
429 304 453 351 et
465 301 588 351 secundnm
603 301 663 364 quod
677 304 711 351 est
723 303 850 370 regnintum

46 376 77 426 eb
88 387 128 426 eo.
140 371 222 433 Unde,
232 371 335 434 quemuis
347 369 407 434 ignis
420 369 544 420 secundinrn
557 371 671 434 propriam
685 371 849 424 virtutemnon

46 446 137 498 hebeat
163 454 209 506 quo
222 441 308 504 sliquos
323 441 407 490 cruciet
418 439 542 492 secundnm
560 442 645 504 mapio
666 443 705 494 vel
719 444 805 494 mindo
814 457 852 494 se-

47 513 156 566 cundium
177 511 267 562 modum
285 511 384 575 peccati,
406 511 475 560 hebet
495 513 571 561 temen
592 512 636 562 hoc
650 511 774 562 secundnm
790 513 852 576 quod

47 587 102 650 eius
117 582 181 636 aetio
198 579 339 634 modificetur
350 594 380 634 es
397 582 475 632 ordine
487 581 571 632 divine
585 582 696 645 justitie3
710 583 767 635 sicut
782 584 850 637 etium

47 656 113 720 ignis
131 653 233 707 fornacis
254 650 393 702 modificetur
409 665 439 702 ex
450 652 561 702 industria
578 653 636 703 inbri
650 653 676 704 in
691 666 732 704 suu
749 655 847 717 numne,

48 724 183 780 secundum
196 723 256 788 quod
269 721 376 784 competit
388 722 417 774 ad
430 722 538 775 effectum
551 723 615 774 artis.

347 898 555 952 sustentusvu

55 1031 145 1076 vuum
162 1024 227 1084 moris
242 1024 332 1080 inferrus·
348 1022 381 1068 eit
399 1022 503 1079 ejusdem
521 994 672 1080 opertoriorum
692 1027 747 1082 ipue
765 1031 852 1084 miro.

83 1155 122 1205 dd
138 1154 231 1203 sextum
243 1147 277 1200 sic
293 1144 432 1212 proceditur.
451 1144 546 1198 Videtur
558 1145 620 1211 qudd
633 1147 694 1212 ignis
710 1148 749 1202 iile
765 1163 811 1204 nou
823 1151 854 1202 sit

52 1223 160 1290 ejusdem
174 1216 259 1284 speciei
274 1229 326 1268 cnm
338 1217 391 1280 igne
411 1217 455 1267 isto
471 1227 579 1280 corporeo
594 1229 662 1281 quem
678 1218 790 1270 uidemus.
804 1223 851 1271 du·

52 1294 164 1359 gustinus
185 1289 247 1341 euim
265 1286 321 1339 dicit
342 1285 383 1337 tiu.
397 1287 447 1338 XX.
470 1287 505 1336 De
526 1286 606 1338 Ciuit.
623 1288 685 1346 Dei,
698 1300 749 1352 cop.
771 1293 814 1352 oo,
828 1297 853 1340 ut

52 1364 125 1429 supriu
138 1380 144 1412 :
160 1377 177 1410 ‹r-
189 1359 250 1423 Ignis
261 1362 359 1412 eternus
370 1357 495 1420 eujusmodi
509 1358 540 1409 sit
547 1395 557 1422 ‚
567 1359 683 1411 hominem
692 1360 752 1412 sciro
760 1361 854 1413 arbitror

53 1436 183 1495 neminem,
192 1430 238 1482 uisi
247 1428 305 1481 sorte
313 1429 350 1481 uni
359 1429 453 1493 spiritus
463 1429 554 1482 divinus
563 1430 671 1482 ostendit.
679 1445 693 1478 u
702 1432 853 1484 seductorem

53 1506 124 1558 istius
139 1502 216 1568 iguis,
230 1511 310 1551 omnes
325 1499 363 1549 vei
373 1498 431 1552 ,iere
451 1512 544 1562 omues,
559 1499 644 1552 sciunt.
662 1501 722 1566 Engo
738 1502 797 1566 iguis
817 1505 855 1556 ille

55 1589 102 1628 nou
115 1579 154 1628 est
168 1573 272 1638 ejusdem
286 1569 372 1636 speciei
386 1573 425 1622 aut
439 1575 525 1622 nature
542 1584 592 1620 cunr
607 1572 661 1635 igne
671 1576 756 1624 nostro.

87 1650 113 1696 2.
129 1647 259 1704 Preteree‚'
266 1640 384 1704 Gregorius
397 1639 437 1691 lib.
449 1641 498 1692 XV.
510 1641 603 1692 Mornl.
617 1643 651 1706 (i)
665 1655 783 1708 exponens
801 1645 856 1696 iilud

55 1717 120 1769 iod,
135 1715 179 1766 XX
194 1729 200 1764 :
217 1729 231 1762 <r
247 1710 369 1764 devorabit
388 1723 440 1762 eum
461 1709 521 1774 ignis
539 1711 579 1775 qui
598 1724 644 1762 nnn
665 1713 825 1778 succenditur,
841 1731 855 1762 u

56 1788 131 1836 dicit:
148 1802 163 1834 u
179 1783 243 1846 ignis
256 1793 377 1846 corporeus
390 1784 416 1832 ut
428 1793 479 1831 esse
491 1781 581 1844 ualeat,
596 1783 709 1846 corporeis
720 1783 805 1848 indiget
817 1785 857 1836 io-

57 1855 157 1918 mentis;
168 1853 293 1914 mortiet,
304 1850 349 1902 nisi
362 1863 484 1902 succensus
497 1856 558 1902 esset
567 1855 591 1903 et
601 1852 646 1904 uisi
655 1854 757 1918 refotus,
772 1855 858 1906 subsis-

57 1930 114 1978 tere.
133 1929 164 1978 At
184 1924 262 1974 contre
281 1923 391 1986 moenum
404 1921 478 1984 ignis,
489 1919 541 1972 cun
557 1922 587 1974 sit
608 1935 730 1988 corporeus
745 1927 769 1985 et
787 1924 812 1974 iu
831 1939 857 1976 se

58 1996 142 2048 missos
155 1993 264 2058 reprobos
277 1989 423 2056 corporaliter
438 1994 533 2055 exurat,
548 2005 590 2044 nec
603 1994 678 2045 studio
693 1995 794 2047 humano
804 2009 857 2047 sue·

57 2067 172 2126 cruditur,
190 2076 232 2116 nec
247 2062 316 2126 lignis
331 2061 443 2122 nutritum
459 2063 499 2114 sed
514 2066 602 2114 creatus
617 2063 701 2127 semel,
713 2064 781 2116 duret
790 2065 857 2118 inex-

58 2136 201 2200 tinguibilis,
212 2137 235 2185 et
248 2133 395 2184 succensione
407 2146 454 2184 nou
466 2132 567 2198 indiget,
580 2137 603 2186 et
612 2134 691 2186 ardore
705 2143 856 2189 uenderet.»

59 2207 117 2271 Ergo
134 2220 182 2258 uun
197 2209 232 2256 est
243 2204 347 2268 eiusdem
363 2207 448 2254 neturus
466 2217 517 2254 cnm
530 2217 558 2256 eo
571 2216 639 2268 quem
652 2203 764 2256 ridemus.

90 2282 114 2329 ³.
129 2280 257 2335 Praeterea,
271 2277 394 2323 ceterorum
408 2276 433 2322 et
445 2274 611 2337 eournptibite
628 2288 674 2326 nou
687 2280 741 2327 suut
755 2277 857 2339 ejusden

92 2407 126 2471 (1)
140 2412 230 2468 Nempe
243 2420 295 2466 esp.
314 2405 344 2453 id
357 2407 382 2454 in
400 2405 527 2468 modernis,
545 2409 581 2455 rei
597 2406 626 2454 ir
641 2409 664 2456 in
681 2409 795 2468 antiquiss
812 2412 856 2458 uisi

60 2474 123 2528 quod
136 2472 242 2529 quondum
256 2469 360 2526 Gregorii
371 2471 509 2527 exemplario
520 2472 627 2528 corrupte
639 2473 735 2530 hubent,
744 2474 857 2530 pedonum

61 2535 130 2590 ipsein
145 2535 200 2579 edm
213 2534 245 2579 stt
258 2533 430 2588 incorporeus,
441 2535 483 2576 etc.
498 2533 587 2588 Nempe
597 2535 761 2580 oscitabundus
777 2537 856 2582 nescio

61 2595 115 2650 quis
129 2608 177 2640 nun
193 2594 290 2640 advertit
301 2593 346 2638 huo
360 2606 411 2639 esse
426 2605 518 2638 sensum
532 2594 592 2650 dudd
606 2597 650 2640 etsi
665 2607 790 2653 corporeus
803 2599 856 2643 verd

61 2659 108 2715 sit,
127 2659 197 2715 tignis
213 2655 361 2701 nihilomiuus
380 2668 426 2700 uun
443 2655 537 2712 indiget.
558 2657 639 2708 Quidni
659 2658 757 2704 advertit
774 2661 856 2712 snitum

63 2720 126 2772 quod
137 2719 284 2776 subjungitur
290 2749 298 2775 ,
311 2721 332 2762 et
340 2718 369 2761 iu
377 2715 491 2762 semideos
502 2717 615 2776 reprobus
627 2723 787 2778 corporaliter
797 2735 859 2768 omu-

63 2783 176 2886 eot??An
192 2781 281 2828 scilieet
292 2779 452 2837 incorporeus
467 2780 535 2836 seue
548 2782 621 2838 possit
636 2785 785 2840 corporsiitor
798 2796 859 2828 euru-

63 2852 114 2886 rere
