1958 3314
112 167 159 217 tou
193 193 196 199 =
255 171 657 234 surrmrrauruu,ouasr.uxv1‚
676 171 731 213 nus.
745 172 770 213 u.

112 254 221 321 gularitas
240 255 269 306 de
281 254 333 318 jure
349 252 461 315 naturali,
473 250 513 303 sed
532 251 560 302 de
576 250 627 316 jure
640 249 747 315 positivo.
765 252 813 302 blec
825 250 914 304 iterum

112 330 148 380 est
168 327 196 377 de
213 323 373 376 essentialibus
385 323 490 386 ordinis,
502 321 562 388 qubd
582 321 664 386 aliquis
679 335 726 373 nou
742 322 773 372 sit
787 323 914 389 bigamus3
970 315 971 372 l

112 397 172 463 quod
187 399 250 461 patet
263 409 293 447 ex
308 396 353 446 boc
367 396 427 460 qubd
448 393 468 446 si
481 393 564 458 aliquis
577 393 681 458 bigamus
694 394 722 444 ad
739 393 830 445 ordines
842 407 916 446 acoe-
970 429 971 436 a

100 470 167 532 dat,
183 471 336 519 characterem
346 466 438 531 accipit.
457 467 487 517 ut
501 467 553 518 ideo
565 465 627 530 Papa
648 465 780 530 dispensare
794 470 873 530 potem
892 467 918 520 iu

111 539 153 590 tali
172 538 335 602 irregularitate
353 538 468 602 totaliter3
486 536 527 590 sed
543 537 680 602 episcopm,
692 535 803 602 quantiam
825 538 855 588 ad
871 539 917 590 mi·

112 623 180 663 nores
194 611 293 676 ordinem
308 613 332 662 et
342 609 432 675 quidam
444 611 522 662 dicunt
535 608 594 673 quod
608 609 681 661 etiam
693 608 804 674 quantum
818 611 846 662 ad
868 624 918 662 ma-

109 682 189 748 jures,
202 682 227 731 iu
242 681 289 732 illis
309 681 349 746 qui
367 682 447 733 volunt
464 683 510 748 lieo
528 679 554 731 in
573 679 683 746 religione
703 681 805 744 seruire,
819 683 916 750 propter

113 753 233 805 vitandum
246 753 404 816 religiosorum
419 753 554 805 discursum.

144 825 178 875 nd
193 825 292 888 pdmnm
305 837 358 888 ergo
371 823 503 886 dicendum,
519 821 580 888 qnbd
589 836 631 889 per
642 822 705 876 illam
724 823 866 878 becretalem
881 841 918 880 os·

112 895 212 948 tenditur
223 897 301 947 eadem
312 909 364 953 asse
377 895 499 947 diilioultas
507 895 654 960 dispensandi
666 895 745 947 inillis
757 896 837 961 quide
853 900 916 952 iacto

113 981 165 1018 eum
182 967 284 1032 pluribus
300 970 475 1030 contraxerunt,
487 980 514 1018 ac
531 967 552 1018 si
565 969 594 1019 de
608 967 660 1032 jure
672 968 856 1034 contraxisseut3
870 984 918 1026 nou

113 1040 175 1106 qubd
193 1041 337 1091 subtrahatur
353 1039 487 1104 simpliciter
506 1043 606 1104 potestas
627 1041 696 1104 rape
718 1039 868 1105 dispensandi
891 1045 917 1096 iu

115 1112 209 1164 talibus.

145 1184 179 1234 ld
195 1183 319 1236 secundum
338 1182 543 1250 dicendum,qubd
554 1185 599 1236 boo
614 1187 651 1236 est
662 1197 743 1236 rerum
755 1185 867 1250 quantum
888 1190 918 1240 ad

113 1268 201 1320 eaquae
215 1260 269 1306 suut
281 1256 309 1306 de
317 1256 369 1320 iure
383 1254 480 1306 naturali
487 1292 496 1320 ,
510 1258 534 1307 et
547 1254 656 1320 quantiam
668 1255 696 1308 ad
713 1269 742 1306 ea
752 1269 803 1321 qua
816 1261 873 1309 suut
890 1261 918 1311 de

114 1327 249 1378 necessitate
262 1330 469 1390 sacramentorum,
480 1333 504 1379 et
517 1328 577 1379 lidei.
595 1328 640 1380 Sed
656 1327 681 1378 iu
695 1327 744 1379 aliis
758 1341 809 1394 qua
822 1335 879 1382 sunt
890 1332 918 1382 de

113 1397 257 1449 institutione
270 1398 440 1462 apostolorum,
455 1398 506 1448 cbm
526 1398 626 1450 Ecclesia
639 1399 722 1450 lrabeat
736 1411 797 1449 nuuc
806 1401 917 1453 eamdem

113 1473 250 1533 pensarem
262 1469 377 1521 statuendi
389 1473 412 1521 et
426 1470 564 1522 destituendi
572 1483 642 1536 quarn
654 1474 709 1521 tuuc
724 1469 818 1534 babuit,
835 1476 917 1538 potest

113 1555 156 1604 per
170 1554 221 1592 eum
235 1541 274 1605 qui
286 1541 408 1606 pdmatum
421 1544 486 1594 tend
496 1541 521 1593 iu
537 1542 641 1594 Ecclesia
654 1542 789 1607 dispensari.

145 1613 282 1665 adtentum
296 1613 428 1674 dicendum.
440 1614 501 1679 quod
515 1628 561 1666 uon
575 1613 681 1680 qualibet
695 1611 830 1678 significatio
840 1617 878 1666 cst
889 1616 918 1667 de

114 1686 214 1736 essentia
229 1684 376 1750 sacramenti,
390 1687 431 1737 sed
444 1685 534 1737 tautdm
543 1686 582 1739 illa
595 1700 644 1750 qua
653 1685 794 1750 peumerad
810 1686 919 1738 effectum

118 1757 262 1808 sacramenti.
273 1758 304 1807 Et
311 1757 364 1808 talis
376 1769 421 1808 nou
430 1757 518 1809 tollitur
528 1771 570 1824 per
580 1757 777 1822 irregularitatem.

145 1829 179 1880 nd
197 1831 302 1890 quartum
319 1828 454 1890 dicendum,
466 1827 527 1892 qubd
546 1828 571 1878 ln
584 1829 756 1893 particularibus
775 1841 821 1881 non
839 1833 919 1896 potest

114 1898 213 1970 inveniri
230 1899 352 1963 ratioque
366 1899 472 1951 omuibus
487 1904 601 1964 competat
622 1902 750 1967 aqualiter,
768 1905 864 1968 propter
877 1915 917 1954 en·

114 1984 165 2022 rum
184 1969 349 2022 diversitatem.
368 1971 398 2022 lit
418 1971 470 2022 ideo
491 1972 550 2035 quod
567 1971 728 2036 universaliter
748 1977 859 2025 statutum
883 1979 919 2026 est

114 2041 292 2104 rationabiliter,
304 2041 453 2096 consideratis
467 2043 504 2093 bis
515 2057 565 2108 qua
579 2043 604 2094 iu
621 2044 723 2109 pluribus
738 2045 861 2110 accidunt,
875 2059 917 2110 po-

115 2119 161 2167 test
173 2114 242 2166 etiam
256 2127 297 2178 per
309 2112 504 2195 dispensationem
518 2114 682 2169 rationabiliter
701 2116 812 2170 remoueri
824 2117 850 2169 irr
870 2117 917 2168 ali-
970 2157 971 2200 ᾖ

115 2199 163 2251 quo
179 2197 234 2237 casu
248 2184 413 2238 determrnatol
970 2201 971 2226 r
