1976 3306
286 130 316 168 nu
332 129 406 168 Pom
421 129 596 170 mentionem.
791 131 835 180 705
867 159 870 163 .

68 203 214 270 Responiso
222 205 357 269 bmnium,
369 203 443 270 qubd,
454 205 577 258 mennibm
587 205 695 256 basilium
701 239 710 268 ,
722 205 747 256 in
756 205 835 257 ultima

35 276 125 326 mnndi
141 274 271 340 purgatione
283 276 323 326 tlet
335 277 448 340 separatio
462 275 487 326 in
498 275 630 334 elementis;
641 279 667 327 ut
683 275 790 339 quidquid
801 279 836 327 est

36 358 128 409 pamm
146 350 170 396 ct
182 345 269 409 nobile,
288 349 403 398 remaneat
420 346 526 410 superius
543 347 572 398 ad
589 345 681 410 gloriam
701 345 833 409 beatorum,

36 415 156 479 quidquid
174 415 227 466 verb
235 421 270 468 est
285 415 385 480 ignobile
398 420 422 466 et
431 417 568 466 feculentum
577 453 584 479 ,
594 416 620 466 in
634 413 747 466 infernum
764 418 836 481 proji-

36 487 118 535 ciatur
136 486 163 536 ad
179 497 269 548 prauam
281 487 452 548 damnatorum3
465 491 492 536 ut
499 521 508 547 ‚
520 485 581 536 sient
590 487 664 537 curnis
681 489 780 537 creatura
791 487 835 538 erit

37 554 119 607 beatis
132 556 226 608 materia
238 556 326 620 gandii,
338 557 370 607 ita
383 555 494 608 damnatis
505 569 534 607 en
549 557 653 608 omnibus
666 556 774 608 creaturis
787 561 836 607 tor·

36 629 148 678 mentum
160 631 290 690 accrescat,
304 626 427 692 secundini
440 627 495 678 illud
506 627 606 692 Sop.,li
617 643 623 676 ι
638 627 772 692 «Pugnabit
783 641 834 678 cunr

37 694 80 747 illo
96 695 161 748 orbis
169 699 278 748 mirarum
289 700 366 749 contra
377 697 513 750 insensatos.
527 697 598 748 uiioc
612 697 679 748 etiarn
692 695 773 748 diuinae
784 697 835 760 jus·

37 766 100 818 titiae
120 768 242 832 competit,
257 771 282 818 ut
295 768 354 819 sicut
366 768 394 818 ab
407 781 453 819 uno
465 767 595 820 recedentes
608 779 648 832 per
663 770 795 832 peccatum,
809 768 834 817 in

37 837 112 888 rebus
134 835 301 902 materialibus,
320 851 370 903 que
384 842 437 890 sunt
450 839 526 890 multe
543 843 567 890 et
580 839 662 898 uana,
678 837 746 888 finem
768 851 834 888 suurn

38 907 223 970 constituerunt,
237 908 270 961 ita
286 907 354 964 eliam
373 907 527 976 multipliciter
545 913 569 960 et
587 921 617 960 ex
636 907 714 958 multis
731 906 835 972 albigan-

37 982 86 1029 tur.

69 1051 109 1100 Ad
129 1050 226 1116 primum
239 1063 292 1113 ergo
314 1047 521 1112 orornamenta
540 1047 593 1112 qnia
609 1047 670 1111 ignis
686 1051 722 1100 est
737 1048 834 1100 maximi

37 1119 181 1182 artiictirus,
191 1123 281 1185 propter
294 1119 338 1172 troc
353 1119 414 1181 ouod
429 1119 564 1170 abundatio
578 1117 662 1169 uirtute
680 1117 771 1182 aetira3
782 1120 833 1174 iden

35 1189 137 1241 nomine
147 1190 215 1255 ipaia
229 1187 302 1241 omnis
316 1189 408 1242 afflictio
421 1189 566 1252 designatur,
577 1188 597 1238 si
609 1188 640 1240 sit
655 1190 785 1240 vehemens.

69 1260 108 1312 Ab
129 1261 252 1312 secundum
273 1260 412 1323 dicendum,
425 1258 487 1326 quid
505 1271 573 1324 poena
594 1258 716 1324 purgatorii
735 1271 781 1311 non
799 1265 834 1312 est

37 1330 201 1396 principaliter
217 1332 244 1384 ιιι
263 1329 422 1396 affligendum,
437 1331 478 1382 sed
494 1330 524 1381 ad
543 1331 694 1394 purgandum.
710 1331 773 1382 Unde
792 1345 833 1396 per

37 1403 118 1452 solum
135 1414 210 1466 ignem
229 1401 280 1454 fieri
292 1399 372 1462 debet,
384 1401 424 1466 qui
433 1398 532 1452 maxime
542 1400 612 1451 babel
623 1400 670 1450 rim
682 1391 831 1464 puigaliram.

37 1474 86 1525 Sed
105 1473 260 1524 damnatorum
276 1484 344 1538 prena
361 1484 408 1524 non
428 1471 544 1525 ordinatur
564 1469 594 1522 ad
607 1469 755 1536 purgandum.
768 1470 833 1524 Unde

39 1557 88 1596 non
103 1547 139 1594 cst
148 1543 230 1595 simile.

71 1613 109 1663 Αιι
127 1612 217 1664 tertium
230 1613 365 1676 dicendum,
379 1611 440 1678 qubd
459 1611 559 1664 damnati
574 1609 703 1662 transibunt
720 1623 749 1663 ex
764 1613 834 1664 reba·

38 1681 184 1736 montissimo
196 1683 269 1736 calore
277 1685 307 1736 ad
315 1683 539 1736 uehementissimum
551 1681 637 1748 frigus,
654 1681 704 1732 sinc
715 1683 758 1733 boc
771 1683 833 1748 qnbrl

38 1755 65 1805 ιιι
80 1754 117 1806 eis
130 1755 161 1804 sit
171 1752 262 1819 aliquot
275 1753 431 1818 relrigerium3
441 1754 493 1819 quia
503 1751 577 1819 passio
588 1752 616 1803 ab
626 1751 773 1806 exterioribus
785 1765 831 1806 non

39 1824 85 1876 erit
99 1835 140 1888 per
152 1824 363 1878 transmutationem
376 1825 477 1890 corporis
490 1825 504 1875 a
517 1835 558 1876 sua
571 1821 664 1888 pristina
677 1823 771 1874 naturali
785 1822 832 1874 dis·

38 1893 172 1958 positione,
188 1898 215 1947 ut
226 1894 337 1948 molaria
352 1895 428 1960 passio
442 1895 471 1946 ad
483 1895 634 1962 equalitatem
645 1893 682 1944 rel
698 1893 831 1958 temperiem

40 1963 172 2017 reducendo
181 1963 321 2028 refrigerium
332 1967 426 2028 causet,
438 1965 497 2017 sicut
509 1979 570 2016 nunc
583 1963 673 2016 accidit.
684 1961 730 2016 Sed
738 1964 780 2016 erit
790 1977 831 2028 per
866 1976 907 2006 ν

40 2035 154 2087 actionem
165 2033 319 2100 spiritualem,
328 2036 452 2089 secundum
462 2037 523 2102 quod
533 2033 648 2088 sensibilia
659 2036 729 2098 agunt
740 2034 765 2086 iu
777 2045 831 2086 sen·

41 2119 93 2156 sum
101 2139 109 2170 ‚
117 2110 185 2170 prout
193 2106 321 2158 secuuntur
331 2105 482 2170 imprimendo
496 2105 636 2159 lormasillas
646 2103 768 2156 secantium
779 2117 830 2156 ease

41 2175 157 2240 spirituale
170 2177 194 2226 in
206 2189 329 2239 orgarium,
343 2181 367 2227 et
376 2189 423 2228 non
438 2177 561 2230 secundum
575 2190 625 2226 esse
644 2175 766 2228 materiale.

343 2352 505 2405 mulcatus
522 2355 552 2406 li,

159 2473 243 2520 ocrim
257 2473 343 2519 ommia
353 2471 565 2520 commurmurat
579 2443 716 2531 corporalia.

74 2599 108 2652 tri
119 2595 242 2652 amonium
255 2598 289 2649 sic
302 2597 434 2663 proceditur.
446 2595 606 2662 vidctnroubi
619 2596 703 2650 termis
715 2610 759 2662 ooo
769 2599 827 2651 attii·

43 2666 287 2733 mauriannensi
300 2667 430 2733 corporalis.
439 2667 496 2726 Quia
506 2679 558 2718 caro
567 2679 612 2720 aon
621 2670 697 2730 polest
705 2668 777 2734 affligi
786 2683 826 2734 per

43 2753 142 2794 vermem
153 2737 299 2805 spiritualem.
309 2737 354 2792 Set
367 2747 419 2790 caro
431 2738 584 2790 damnatorum
595 2734 709 2802 alligetur
722 2752 763 2804 por
776 2753 827 2791 rer·

44 2824 118 2876 mem,
131 2807 232 2868 tortitia,
250 2807 301 2862 xil
319 2823 325 2860 :
341 2823 356 2862 o
374 2807 443 2868 babit
463 2807 539 2874 ignem
555 2811 580 2861 et
599 2819 687 2868 uermes
704 2807 730 2868 in
748 2822 827 2864 carnes
