1946 3318
131 193 176 238 tlt
261 199 458 250 snerusuuuuuu,
475 200 568 244 oumsr.
585 199 680 248 uxxxtt,
698 199 754 237 suu.
770 200 795 236 v.

131 289 204 330 mane
222 279 309 326 natura
323 276 347 325 iu
359 287 386 325 eo
400 273 440 337 qui
457 287 486 324 ex
506 274 594 326 semine
606 275 714 335 nascitur,
726 275 796 338 qu'arn
811 275 890 328 inille
904 291 931 328 er

131 350 197 413 eujus
216 347 321 398 carnibus
335 357 414 397 semen
432 348 466 396 est
479 350 621 408 generatum.
637 347 665 395 Et
677 347 729 397 ideo
751 347 882 398 seeundum
895 362 935 398 re-

131 421 205 482 gulam
219 417 283 482 prius
299 417 388 476 datam,
407 417 450 466 hoo
463 417 524 478 qued
542 416 566 464 in
581 424 659 466 semen
678 428 817 468 eorrersum
833 424 885 482 est,
901 432 936 468 re-

130 495 207 555 surget
220 491 245 540 in
258 487 339 556 eoaqui
352 487 480 538 exsemine
498 485 742 550 naseitur3residu'um
756 488 813 539 uero
832 491 933 540 materia

129 565 232 624 resurget
243 561 268 611 in
282 557 452 622 illumcujus
471 558 579 608 curribus
596 559 705 609 comestis
719 573 801 610 semen
815 565 853 612 est
869 575 937 626 geue·

129 636 212 686 ratum.

160 705 194 755 nol
208 701 312 767 quintum
321 701 462 764 'dicendum
477 694 539 764 guod
552 701 645 765 embrga
660 713 710 752 nou
724 701 841 766 pertineat
857 704 888 754 ad
903 718 937 755 re

131 773 294 824 surrectionem
314 776 368 823 ante
385 771 548 822 animationem
563 785 604 836 per
621 773 719 822 animam
741 773 895 839 rationalem,
916 776 937 826 in
963 803 964 816 .

130 860 176 910 quo
195 847 255 896 statu
269 846 318 907 jam
332 842 428 893 multirm
443 843 536 893 advenit
554 857 626 907 supra.
635 844 786 894 substantiam
798 845 899 896 seminis
913 849 937 898 de

131 916 259 968 substantia
273 915 421 974 nutrimenti,
432 915 487 978 quia
500 927 557 980 puer
570 915 595 964 in
613 920 678 966 utero
693 915 771 966 matris
785 918 896 968 nutritur.
912 919 938 968 ltt

132 989 186 1040 ideo
205 988 225 1038 si
238 987 320 1050 aliquis
333 985 435 1050 embryis
448 991 568 1046 vereatur,
586 989 609 1035 et
632 999 661 1036 ex
679 987 796 1050 superfluo
812 987 877 1038 illius
897 989 938 1038 nili

132 1064 253 1124 generetur
271 1056 365 1122 aliquis,
380 1058 436 1108 illud
454 1059 514 1122 quod
526 1058 570 1108 erit
588 1057 613 1106 in
631 1057 759 1108 substantio
775 1059 892 1122 seminis,
907 1073 937 1110 re·

133 1134 210 1193 surget
224 1129 314 1194 quidem
326 1129 348 1178 iu
359 1141 386 1180 eo
397 1129 437 1192 qui
448 1143 478 1180 ex
490 1129 577 1180 semiue
587 1133 723 1192 generatur3
734 1128 781 1179 nisi
790 1129 816 1178 in
830 1130 874 1180 illo
887 1145 938 1182 core

132 1202 245 1252 timeretur
262 1199 348 1265 aliquid
365 1201 426 1262 quod
443 1201 528 1251 inisset
541 1202 569 1251 de
581 1200 708 1250 substantia
722 1199 841 1250 seminum
853 1201 885 1252 in
898 1202 938 1252 illis

133 1287 164 1324 ex
178 1286 273 1338 quorum
285 1272 392 1322 earnihus
411 1271 519 1324 comestis
532 1285 610 1322 seman
619 1275 753 1335 generatum
763 1274 799 1322 est
810 1309 818 1332 ,
829 1274 888 1336 quia
901 1276 937 1325 bor

134 1348 263 1409 resurgeret
275 1344 386 1409 inprime
399 1349 423 1396 et
439 1357 486 1394 uon
499 1343 632 1394 insecundo
644 1343 783 1405 gresioluum
797 1349 880 1396 autem
895 1359 938 1396 ear·

134 1419 199 1468 nium
215 1417 508 1480 numerumnunerum
522 1421 558 1466 est
569 1415 738 1466 eonrersumiu
748 1427 828 1464 semen
838 1455 845 1478 ‚
854 1422 937 1468 constat

133 1488 195 1552 quod
215 1491 319 1552 resurget
338 1488 363 1537 in
385 1487 475 1550 primo,
494 1487 583 1551 utrique
599 1484 677 1536 diuini
695 1485 800 1551 potentia
820 1490 937 1554 supplente

133 1560 194 1622 quod
208 1560 281 1610 deest.
294 1558 368 1608 Prima
380 1562 456 1608 eutem
472 1557 550 1622 opinio
565 1559 608 1608 hae
620 1555 748 1620 obiectione
759 1571 809 1608 uon
826 1563 937 1620 arctatur,

133 1627 185 1679 eim
204 1643 251 1680 uon
271 1634 342 1694 ponat
355 1642 433 1680 semen
446 1641 497 1680 esse
514 1641 543 1680 ex
556 1631 671 1692 superfluo
687 1629 810 1692 alimenti;
824 1633 872 1681 sed
892 1631 935 1682 alia

132 1700 211 1750 multu
225 1701 324 1752 rationes
338 1704 391 1750 suut
403 1705 481 1750 eontra
490 1711 550 1761 eam,
562 1704 588 1750 ut
600 1699 624 1748 irr
636 1701 656 1748 ll
667 1699 726 1749 libro
735 1699 937 1756 Sententiarum,

133 1771 278 1836 distinetione
290 1770 407 1836 trigesima
421 1773 494 1834 putet.

428 1949 590 2000 ARTICULUS
608 1949 637 1997 tl.

139 2076 225 2124 Uirium
233 2075 349 2134 quidquid
353 2075 406 2131 fuit
415 2077 610 2184 materialitertin
620 2078 732 2122 membn's
742 2077 861 2133 inmittis,
869 2085 938 2127 loturo

476 2152 574 2196 resurge
588 2173 593 2184 .

168 2269 202 2320 ad
217 2267 322 2332 quintum
336 2268 369 2318 sie
381 2269 518 2335 proceditur.
530 2269 627 2324 Videtur
637 2271 697 2337 quod
711 2273 821 2337 quidquid
835 2275 883 2324 luit
895 2285 938 2324 ma·

135 2337 278 2390 terialiteriu
291 2339 399 2390 memhris
413 2341 521 2405 hominis,
536 2345 614 2392 totum
623 2348 734 2406 resurget.
745 2342 821 2394 llinlrs
832 2346 898 2396 euim
908 2343 938 2392 ri-

136 2409 377 2474 denturpertiueread
390 2413 579 2466 resurrectionem
593 2414 669 2480 eupilli
682 2416 749 2479 quim
763 2415 808 2464 alia
825 2417 935 2466 membru.

136 2480 180 2534 Sed
194 2481 304 2546 quidquid
315 2481 358 2532 luit
372 2483 397 2532 ia
415 2484 504 2548 capillis
517 2489 590 2536 totum
604 2490 724 2550 resurget,
736 2485 786 2536 etsi
800 2499 849 2537 nou
863 2487 889 2536 in
901 2497 934 2536 ea

134 2552 210 2614 pillis,
225 2553 303 2604 saltem
320 2553 345 2603 in
356 2554 408 2604 aliis
425 2555 544 2619 partibus,
555 2560 580 2606 ut
594 2557 732 2622 Augustinus
752 2556 809 2606 dicit
822 2555 845 2606 iu
864 2557 935 2608 littera

136 2623 188 2682 (lv,
204 2623 323 2680 sentent..
338 2625 372 2677 lit.
388 2627 440 2687 la).
461 2627 521 2692 Ergo
535 2627 607 2678 multo
620 2627 702 2680 lortius
719 2627 829 2692 quidquid
848 2629 876 2678 iu
889 2627 935 2677 aliis

135 2694 242 2746 membris
256 2697 402 2749 materialiter
416 2697 472 2759 luit,
483 2702 555 2749 totum
569 2703 684 2762 resurget.

167 2766 190 2814 2.
206 2765 331 2830 Proerna,
346 2765 405 2818 sieut
420 2773 498 2832 partes
513 2771 586 2821 carnis
597 2771 735 2820 seeundum
753 2773 859 2834 irenem
873 2769 936 2836 peri·

134 2835 226 2886 ciuntur
240 2837 269 2888 nb
277 2839 354 2888 anima
367 2838 488 2902 rationali,
498 2841 529 2890 ita
541 2847 619 2906 partes
631 2843 770 2892 seeundum
782 2845 933 2892 motet-tuor:

134 2905 174 2956 sed
185 2920 269 2971 eorpus
281 2911 406 2960 humanum
418 2909 487 2961 haist
497 2911 598 2962 ordinent
611 2914 639 2963 ed
655 2913 845 2964 resurrectionem
858 2927 890 2963 ex
898 2913 935 2960 loe
