1958 3314
340 138 371 176 nn
388 139 486 179 ιιιιιιιιο
502 139 610 180 narona.
827 135 873 186 tet

319 354 485 425 tonsile
504 356 628 426 LXVII.

148 496 185 542 ne
197 496 279 544 ramae
290 497 407 556 reparer,
421 500 452 546 aa
464 501 553 560 arpeo
564 503 685 550 cerream
698 504 787 552 amara.

98 649 188 700 Deinde
201 649 389 702 considerandum
405 651 482 702 ealda
495 651 570 704 libello
584 651 681 716 repudii.

98 721 168 772 Circa
182 723 244 785 quod
255 726 388 786 querantur
401 726 489 788 septem
499 723 543 789 tt).
556 727 582 773 10
593 723 672 774 Utriarn
686 723 872 789 inseparabilitas

69 792 208 844 matrimonii
223 793 253 844 sit
273 795 301 844 de
320 794 370 856 lege
383 798 478 846 natura.
494 799 522 843 ἓν
537 793 616 848 Utrirnn
633 796 751 861 repudiare
775 809 870 848 uxorem

68 864 142 928 possit
159 877 210 916 essa
230 865 317 916 licitum
336 879 376 930 per
395 866 595 932 dirpensationcm.
613 871 640 916 3⁰
662 865 740 918 Utrirrn
762 869 869 931 sublege

67 935 140 1000 ttopsi
161 935 229 987 luerit
246 935 560 991 licitumt⁰Utri1mticcat
576 938 642 990 annm
657 939 781 1003 repudiatae
802 939 869 991 aliurn
923 997 927 1006 ,

66 1007 142 1058 rirnnr
159 1007 272 1072 accipere.
292 1013 319 1057 5⁰
333 1007 412 1059 Utrbm
426 1007 493 1060 liceat
512 1009 563 1060 niro
573 1007 737 1074 repudiabant
747 1023 773 1060 se
784 1009 868 1061 iterum

66 1079 158 1130 lucere.
173 1085 201 1129 ¹6⁰
211 1079 289 1134 Utrbm
298 1092 365 1130 cauea
379 1078 469 1145 repudii
478 1079 547 1132 luerit
557 1081 633 1134 odium
647 1082 735 1134 uxoria.
750 1085 777 1130 '1⁰
789 1081 869 1133 Utrbnr

65 1161 144 1202 canem
161 1150 251 1216 repudii
265 1151 374 1203 deberent
386 1148 553 1204 libello‘soribi.

369 1331 528 1388 ARTlCULUS
543 1334 564 1384 l.

136 1457 222 1504 verbm
233 1459 426 1516 inseparabilitas
441 1463 525 1507 amoris
539 1459 572 1506 stt
592 1459 620 1506 ele
633 1460 682 1519 lepe
701 1461 801 1504 moturae.

94 1585 129 1636 td
153 1583 252 1649 primun
276 1586 311 1638 sic
332 1586 469 1651 proceditur.
490 1587 586 1637 vitetur
607 1583 668 1650 pnbd
688 1585 870 1652 inseparabilitas
919 1560 925 1570 ⁸

64 1657 145 1708 axoris
164 1669 211 1708 non
226 1658 258 1708 ait
277 1659 305 1709 de
315 1659 367 1723 lege
383 1663 479 1712 nature.
495 1661 542 1710 Lea
555 1659 615 1710 enim
632 1661 719 1710 nature
738 1658 868 1712 communis

6 1741 7 1744 ¹
65 1733 99 1778 est
117 1729 179 1793 apud
198 1741 287 1780 omnes.
301 1731 345 1782 seu·
361 1732 423 1782 nnita
443 1731 509 1794 tege,
523 1733 606 1796 prater
618 1730 693 1796 tegern
710 1729 808 1794 Christi,
824 1731 870 1783 init

64 1800 204 1862 prohibitam
220 1815 314 1854 uxorem
325 1803 449 1854 dimittere.
465 1803 525 1866 Ergo
534 1801 717 1866 inseparabilitas
729 1801 807 1854 uxoris
820 1814 866 1853 non

65 1876 100 1922 est
117 1873 147 1922 lc
163 1872 215 1936 lege
227 1877 323 1924 natura.

95 1948 120 1994 2.
136 1945 265 2008 Proterea,
280 1951 420 1996 sacramenta
439 1958 484 1998 oon
494 1948 548 1996 sant
561 1946 589 1996 dc
602 1945 654 2009 lege
665 1944 815 1996 natumsed
826 1945 866 1994 in-

66 2016 225 2079 separabilitas
239 2017 375 2068 matrimonii
388 2017 416 2067 at
429 2016 564 2069 sacramenti
581 2017 666 2068 bonum
682 2017 791 2082 pertinet.
809 2017 867 2078 Ergo

65 2101 112 2137 non
126 2092 162 2138 cst
175 2089 203 2138 dc
215 2088 267 2152 tege
280 2091 377 2140 natare.

96 2163 119 2206 a.
130 2163 260 2223 praterea,
273 2161 402 2226 conjunctio
411 2159 457 2210 riri
470 2164 495 2211 ct
507 2161 598 2212 femina
608 2161 633 2210 in
648 2159 793 2211 matrimonio
806 2159 869 2209 ordi=

64 2235 132 2281 natur
145 2231 303 2296 principaliter
318 2233 347 2283 ad
361 2230 433 2296 prolis
447 2233 634 2295 generationem,
649 2235 673 2283 et
691 2227 865 2293 educationem,

64 2305 87 2351 et
100 2301 283 2365 instructionem,
298 2307 324 2354 nt
336 2303 421 2356 dicturo
435 2308 470 2354 est
481 2305 490 2368 (
500 2308 585 2368 quest.
598 2307 639 2366 bb,
651 2307 694 2354 art.
711 2303 746 2365 3).
761 2301 806 2350 Sed
818 2303 867 2352 bac

64 2374 141 2424 omnia
158 2375 235 2440 aliquo
250 2379 311 2426 certo
334 2380 436 2440 tempore
449 2379 645 2427 consummantur.
659 2375 718 2438 Ergo
740 2375 792 2436 post
810 2373 866 2424 ittntl

64 2449 157 2510 tempus
176 2447 232 2497 licet
252 2456 344 2498 osorem
358 2446 486 2511 dimittere,
501 2448 552 2500 sine
569 2446 645 2513 atiquo
664 2444 796 2512 praejudicio
808 2444 867 2508 tegis

64 2521 157 2569 naturae.

97 2593 121 2640 t.
139 2592 263 2656 Praeterea,
278 2605 308 2642 cx
324 2591 466 2644 matrimonio
483 2590 638 2656 principaliter
653 2590 762 2656 quaeritur
779 2590 865 2642 bonum

65 2659 142 2725 protis.
156 2664 200 2715 Set
211 2662 393 2728 inseparabilitas
401 2662 540 2714 matrimonii
550 2666 584 2712 cst
594 2665 672 2714 contra
682 2663 767 2712 bonnm
781 2662 863 2728 prolis,

66 2732 133 2796 quia,
149 2738 176 2785 nt
186 2735 280 2786 badunt
293 2734 432 2801 philosophi,
446 2735 531 2800 aliquis
543 2736 580 2785 vir
592 2749 639 2786 non
651 2738 728 2801 potest
747 2749 776 2786 er
790 2735 865 2799 aliqua

101 2879 137 2942 (tl
150 2885 184 2930 nx
197 2885 240 2931 tv.
254 2883 331 2934 Serti..
345 2885 398 2932 dist.
409 2883 450 2947 33,
464 2897 504 2943 qn.
515 2887 539 2948 ἱ,
557 2887 600 2931 ert.
612 2881 626 2930 1
641 2887 665 2930 et
678 2893 744 2942 seqq.
