1922 3332
177 149 207 188 ns
223 147 345 188 osarrorsn
359 147 480 188 unsrscru
497 147 653 197 slncronurr,
668 147 721 187 ιιι.
801 141 848 192 375

51 230 231 292 cognoscentes
246 241 296 292 que
312 225 349 276 lrlc
367 229 488 291 geruntur,
503 239 550 276 non
572 228 648 276 tamen
661 227 798 280 eredendum
812 235 849 282 est

51 297 109 362 quid
126 299 257 351 afficientur
265 298 395 359 doloribus,
407 297 502 362 oognltis
515 293 689 348 adversitatibus
698 311 777 350 eorum
791 316 849 366 quos

49 371 71 420 in
85 372 131 422 hoc
146 371 231 424 seculo
243 371 387 432 dilexerunt3
401 369 433 422 ita
444 369 505 420 enlm
521 368 602 434 repleti
614 373 667 419 sunt
681 371 764 434 gaudio
777 373 848 425 beatt-

49 443 136 494 tudinis
147 443 208 506 qudd
222 443 284 495 dolor
293 443 316 493 in
331 441 365 494 eis
373 442 448 493 locum
457 454 502 492 uon
513 440 616 492 inuenit
611 456 616 467 ·
626 441 686 493 unde
698 441 742 492 etsi
751 457 849 508 cognos-

49 519 103 566 cent
118 529 214 572 suorum
231 515 356 568 infortunia
373 517 547 579 postmortem,
562 513 708 564 nihilominus
722 515 794 566 dolori
811 529 849 568 eo·

48 601 97 636 mm
112 589 260 649 consulitur,
273 589 293 640 si
310 591 364 638 ante
372 585 516 671 hujusmodi
529 585 654 635 infortunia
666 585 693 636 de
708 587 752 638 troc
765 589 848 640 seculo

47 659 222 716 subtrahentur.
240 661 285 711 Sed
304 660 362 712 lorti
382 660 463 712 animes
483 671 531 709 non
545 657 674 721 glorificate
689 657 787 709 dolorem
806 660 849 709 ali-

46 742 115 794 quem
131 731 262 796 sentirent,
270 733 290 784 si
303 731 445 784 incommoda
455 731 575 783 charorum
589 741 681 779 suorum
694 730 846 797 perciperent3

46 803 69 852 et
85 801 142 866 qula
160 801 239 852 anime
261 801 329 854 toste
352 815 398 852 non
420 802 496 852 statim
516 799 640 865 glorificata
660 799 705 851 luit
724 801 737 852 ι
754 815 848 867 corpore

46 885 151 936 egressa,
165 879 276 938 quantum
290 877 317 926 ed
333 875 391 939 hoc,
402 887 431 925 ex
446 873 588 925 decretione
602 874 741 937 Augustinus
755 877 848 928 conclu·

46 945 100 996 dere
114 947 197 998 nititur
209 946 269 1010 qudd
280 947 361 1000 animae
372 952 512 999 mortuorum
524 944 675 1010 cognitionem
690 959 737 997 non
749 947 848 1000 habeant

46 1017 74 1066 de
93 1019 165 1069 lactis
180 1019 314 1069 virentium.

75 1089 111 1140 ed
125 1090 220 1142 tertium
235 1091 372 1156 dicendum,
387 1091 446 1157 qudd
465 1090 547 1142 anime
565 1092 694 1141 sanctorum
709 1085 794 1142 hebeni
807 1103 848 1142 vo

44 1161 160 1213 luntetem
173 1161 271 1226 plenarii
285 1163 423 1216 conformem
439 1164 522 1216 diuinas
535 1161 649 1212 voluntati
662 1199 669 1223 ‚
684 1162 753 1212 etiam
765 1162 790 1212 in
803 1177 847 1214 vo·

43 1231 95 1282 lito.
109 1235 142 1284 Et
156 1235 216 1295 ideo,
232 1235 335 1299 quemuis
354 1235 461 1287 ellectum
478 1233 596 1286 charitatis
613 1234 641 1285 ad
653 1233 780 1298 proximum
792 1235 849 1284 reti-

45 1309 131 1370 neunt,
147 1319 193 1356 non
206 1306 329 1358 tamensis
343 1307 408 1358 aliter
418 1307 628 1369 auxiliumlerunt,
644 1304 711 1368 qnam
725 1304 847 1358 secunddm

45 1375 151 1428 dvlnem
164 1378 274 1442 justitiam
290 1379 368 1432 rident
385 1393 435 1432 esse
452 1378 603 1444 dispositum
622 1381 645 1427 et
658 1379 735 1427 temen
756 1377 848 1427 creden-

45 1449 98 1498 dum
112 1453 153 1500 est
167 1449 228 1514 qudd
244 1450 340 1504 multlrm
354 1452 470 1516 proximos
486 1451 581 1515 jurent,
597 1461 638 1514 pro
649 1449 684 1500 eis
702 1449 763 1514 apud
776 1450 847 1499 ileum

46 1519 220 1573 intercedendo.
246 1554 250 1563 x

75 1594 109 1644 ld
124 1597 230 1656 quartum
241 1593 360 1646 dicendum
370 1633 376 1657 ‚
386 1595 446 1659 quod
456 1593 561 1659 quemvis
571 1591 675 1644 videntes
688 1591 787 1643 Verbum
799 1605 846 1643 nora

45 1662 73 1713 sit
86 1665 244 1718 necessarium
256 1665 280 1715 in
290 1666 371 1718 Verbo
382 1666 460 1718 omnia
473 1667 558 1727 uidere,
571 1665 651 1714 vident
667 1668 743 1714 tamen
754 1676 782 1713 ca
796 1677 847 1729 ιιι

46 1736 73 1785 ad
87 1736 258 1800 perlectionem
276 1752 323 1790 sue
339 1735 489 1804 beatitudinis
501 1736 634 1800 pertinent,
649 1740 675 1785 ut
695 1735 783 1786 dictum
802 1739 846 1786 est.

75 1811 110 1860 ld
135 1809 241 1890 quintum
262 1809 398 1876 dicendum
416 1808 477 1875 quod
499 1807 641 1872 cognitiones
658 1808 759 1858 cordium
785 1807 847 1858 solus

46 1878 105 1930 Deus
119 1892 162 1944 per
176 1879 277 1945 scipsum
288 1879 370 1944 ιιοιιι;
381 1879 421 1930 ιιι
438 1883 515 1929 tamen
528 1877 568 1929 elii
581 1883 722 1942 cognoscunt
736 1882 848 1942 quatenus

19 1983 26 1998 .
46 1949 79 2000 eis
92 1951 223 2013 reveletur,
241 1951 279 2002 rel
293 1964 333 2016 per
352 1952 465 2034 visionem
485 1949 569 2012 Verbi,
583 1950 620 2002 rel
639 1963 781 2016 quocumque
801 1949 847 2000 alio

47 2023 124 2098 modo.

342 2131 504 2184 nucleolos
521 2131 550 2182 ll.

76 2263 163 2309 Uirium
173 2263 298 2310 debeamus
313 2265 407 2308 coarctes
418 2259 622 2370 ιιιέιιριιιιιιιιι
640 2258 759 2304 orandum
776 2269 820 2314 pro

411 2338 442 2370 ao
458 2339 478 2370 ιι

80 2460 114 2512 ltd
133 2458 290 2512 secundum
272 2473 306 2510 ιιι
326 2457 463 2526 proceditur
475 2456 569 2516 Videtur
581 2455 641 2519 qudd
659 2465 705 2504 nou
724 2451 847 2504 debeamus

50 2535 141 2583 sanctos
151 2531 294 2595 interpellare
305 2532 333 2582 ad
342 2531 451 2584 orandum
462 2539 503 2593 pro
512 2527 586 2578 nobis
595 2527 676 2576 Nullus
689 2524 750 2574 enim
762 2523 847 2577 amicos

49 2604 148 2669 alicujus
163 2603 292 2668 interpellet
304 2605 332 2655 od
353 2602 462 2654 orandum
477 2614 517 2664 pro
532 2613 570 2661 se,
588 2599 634 2649 nisi
648 2601 761 2664 quatenus
775 2599 848 2650 credit

49 2689 73 2726 se
87 2675 148 2740 apud
162 2688 204 2726 eos
219 2675 310 2726 lucilius
325 2673 398 2740 gralli
413 2673 514 2724 obtinere
533 2683 609 2735 posse.
625 2670 669 2720 Sed
686 2669 746 2720 Deus
767 2676 802 2718 est
822 2669 846 2720 iu

50 2747 166 2798 infinitum
188 2747 261 2812 magis
274 2747 401 2798 misericors
421 2744 523 2810 quolibet
542 2745 621 2794 sancto
630 2779 639 2805 ‚
655 2745 679 2791 et
692 2741 725 2790 sic
741 2741 847 2791 uoluntas

50 2819 99 2882 ejus
120 2818 212 2870 ioclliirs
226 2819 348 2870 inclinatur
369 2819 395 2868 ad
416 2829 459 2868 nos
479 2815 644 2866 exaudiendum
657 2813 725 2877 quim
741 2813 847 2864 uoluntas

53 2891 148 2958 alicujus
162 2891 246 2944 sancti.
263 2891 324 2955 Ergo
345 2890 434 2942 videtur
448 2888 586 2955 superfluum
602 2886 739 2940 constituero
758 2887 847 2936 sanctos
947 2937 948 2950 1
