1946 3318
192 183 223 219 nn
239 181 395 220 mrnnnrrrrs
411 181 540 219 couronnrr
556 158 748 220 nnsueoerrrorrss
826 165 885 222 ttt'

82 261 120 308 ·2.
141 259 269 318 mererer,
283 261 391 308 immores
411 261 465 308 snut
487 259 516 308 ad
538 258 726 309 restaurationem
747 257 872 323 deperditi,

63 331 107 380 sed
118 331 175 394 post
185 330 371 380 resurrectionem
386 329 447 378 uultu
456 329 583 393 deperditio
594 329 641 380 tiet.
654 329 713 393 Ergo
727 342 808 394 coruus
823 344 868 380 uon

60 405 175 464 resurget
188 413 241 450 curn
259 400 400 450 humoribus.

99 476 124 520 3.
141 471 272 533 Praeterea,
287 470 342 522 illud
364 471 423 532 quod
442 473 466 520 et
481 469 506 519 in
519 469 557 520 vin
570 472 722 532 generationis
739 472 871 536 incorpore

60 545 187 602 humano,
207 545 307 594 noudum
321 547 355 594 est
369 543 397 592 eh
409 543 484 594 anime
498 543 604 594 rationali
620 545 754 608 portentum.
766 545 811 596 Sed
823 546 867 594 tru-
891 567 893 577 ·

61 627 145 665 mores
160 615 233 664 rdnno
248 618 301 666 suut
317 614 341 664 iu
358 613 575 678 regenerationis,
592 615 645 678 quia
659 621 713 665 suut
728 617 752 666 in
766 616 868 681 potentie

23 750 27 756 Ι
65 697 121 736 uero
134 689 158 734 et
173 698 207 736 os.
222 685 283 749 Ergo
301 685 403 736 nondum
420 687 473 734 sunt
489 684 583 746 uertenti
602 686 677 736 enimn
690 687 802 738 rationali.
822 688 866 738 Sed

64 770 151 822 eorpus
164 759 289 824 humanum
304 769 349 807 nou
365 757 434 806 hebet
448 755 549 806 ordinem
563 757 590 806 ed
601 759 806 818 resurrectionem,
821 757 866 808 uisi

62 828 196 880 secundinus
209 829 269 892 quod
283 833 317 878 est
330 828 404 880 nuimt
417 828 520 878 rationali
536 827 673 892 perfeetum.
687 830 746 894 Ergo
757 831 865 881 horrores

61 900 89 950 in
106 913 134 950 eo
148 911 195 950 nou
209 904 335 963 resurgent.

95 971 143 1022 Sed
167 976 262 1034 contre,
276 973 335 1034 quod
354 973 390 1021 est
408 971 435 1021 de
456 970 617 1022 constitutione
638 971 738 1036 eorporis
754 973 862 1033 humaui,

59 1047 171 1106 resurget
189 1043 213 1092 in
229 1054 270 1104 eo,
286 1043 324 1092 sed
347 1044 454 1093 humores
470 1046 522 1092 sunt
538 1043 683 1104 hujusmodi,
698 1047 723 1091 ut
737 1048 801 1106 putet
821 1057 863 1107 uer

59 1114 219 1176 Augustinum
231 1152 237 1174 ,
249 1115 288 1177 qui
302 1113 358 1163 dioit
371 1114 431 1178 quod
440 1131 454 1161 ιι
464 1127 546 1177 coruus
556 1119 645 1164 oonstat
655 1127 684 1165 ex
698 1115 864 1164 mernbrisotfi·

58 1185 176 1245 cialibus,
192 1183 296 1234 oidotntia
306 1198 333 1236 ex
347 1184 512 1244 consimilibus,
522 1183 685 1236 consimiliter
696 1185 862 1235 humoribus.»

58 1259 125 1319 Ergo
141 1257 250 1306 humores
264 1261 382 1320 resurgent
394 1255 536 1320 incorpore.

96 1329 228 1390 pretereo,
248 1329 381 1380 resurrectio
403 1331 478 1379 nostre
500 1328 543 1378 erit
564 1327 687 1379 conformis
706 1327 865 1378 resurrectioni

58 1399 160 1458 Christi·
175 1400 215 1450 sed
230 1399 254 1448 in
269 1400 360 1452 Christo
370 1400 494 1450 resurrexit
507 1399 614 1463 sunguis;
629 1399 698 1459 olins,
712 1411 773 1448 nuno
785 1398 863 1448 vinum

58 1484 111 1522 non
135 1469 413 1521 transsubstantiaretur·
407 1483 432 1520 ru
453 1470 585 1533 sanguinem
603 1471 653 1535 ejus
673 1469 697 1520 in
719 1469 863 1521 sarranrento

58 1544 151 1596 altaris
168 1543 227 1606 Ergo
241 1543 286 1594 et'
280 1557 304 1592 m
325 1543 391 1593 uobis
406 1545 509 1606 resurget
529 1543 624 1606 sanguis
638 1547 662 1593 et
676 1541 756 1592 eadem
774 1539 862 1593 ratione

61 1615 233 1666 eliitrumores.

36 1738 39 1740 .
97 1683 254 1750 (concurso.
268 1714 300 1724 -
316 1686 371 1737 edm
392 1685 523 1736 humores
516 1698 542 1735 m
561 1697 655 1750 corpore
669 1631 770 1735 humano
790 1685 866 1747 perti-

60 1762 136 1809 neeut
149 1759 177 1808 ad
197 1757 359 1822 perfectionem
372 1759 478 1806 humane
492 1759 593 1819 nature,
609 1769 649 1806 eos
665 1755 733 1806 simul
746 1765 861 1820 resurgere

64 1843 117 1878 eum
128 1841 224 1892 corpore
238 1829 337 1879 humano
350 1839 444 1878 neeesse
457 1829 521 1888 est.)

97 1901 233 1964 despondeo
243 1898 362 1950 droeudum
366 1899 440 1962 quod
448 1896 556 1962 quidquid
566 1895 665 1960 pertinet
674 1898 700 1947 at
709 1896 862 1961 integritatem

61 1973 171 2022 hnmano
192 1970 317 2020 ueterem
336 1973 484 2032 resurgente,
501 1969 545 2018 hoe
565 1971 639 2019 toturn
657 1972 759 2050 resurget
775 1969 865 2018 ratione

60 2041 188 2108 praedicit,
204 2043 249 2090 uod
252 2053 265 2092 e
279 2045 367 2105 oportet
378 2039 438 2104 qudo
455 2040 494 2088 itin
504 2037 628 2088 humiditas
642 2039 745 2103 eorporis
761 2042 876 2101 resurget

61 2117 89 2166 iu
105 2114 263 2177 homineque
281 2115 307 2163 ed
319 2111 470 2176 integritatem
488 2111 592 2160 humane
604 2113 691 2161 nuturn
701 2111 811 2175 'pertinet
826 2111 867 2159 Est

62 2189 143 2236 auteur
156 2185 180 2234 iu
194 2185 286 2235 homine
299 2183 381 2248 triplex
395 2183 525 2238 humiditas.
541 2183 650 2241 Qnaednm
665 2183 725 2234 enim
740 2181 862 2232 humiditas

62 2261 103 2309 est
123 2257 148 2306 in
162 2256 288 2307 recedendo
302 2256 314 2306 t
329 2255 468 2320 perfectione
485 2255 556 2320 hujus
577 2253 705 2313 individui,
721 2253 756 2304 ret
773 2253 825 2316 quiin
838 2252 863 2302 in

62 2329 102 2379 vie
120 2331 156 2378 est
174 2325 325 2391 corruptionis
336 2331 359 2377 et
372 2325 384 2376 d
399 2329 480 2377 netum
491 2326 610 2390 nhjioitnr,
619 2323 678 2374 sicut
691 2323 770 2386 urina,
786 2326 862 2385 sudor,

63 2399 144 2450 sanies
160 2403 183 2449 et
196 2397 342 2462 hujusmodi3
358 2398 395 2448 vet
408 2395 460 2460 quin
475 2397 581 2447 turture
599 2395 715 2446 ordinatur
728 2397 755 2446 ad
771 2407 867 2448 conser-

63 2469 183 2521 uationem
199 2469 287 2533 speeiei
302 2469 325 2519 in
342 2469 387 2520 elio
404 2469 538 2530 indiuiduo,
550 2467 599 2517 sire
613 2480 656 2531 per
674 2471 748 2517 sotum
765 2479 865 2530 genere-

62 2541 137 2605 tiue‚
150 2542 210 2592 siout
225 2552 318 2603 semen,
339 2542 388 2592 sive
404 2553 446 2604 per
465 2544 539 2591 sotum
553 2539 684 2601 nutritive,
699 2537 757 2590 sieut
775 2539 819 2589 leo.
835 2541 864 2590 st

63 2615 127 2664 nulia
140 2611 220 2664 tatium
236 2613 398 2662 hurmiditutum
410 2616 524 2676 resurget,
535 2624 563 2662 eo
577 2611 636 2675 quod
647 2624 692 2664 non
705 2615 760 2661 sunt
773 2613 800 2662 de
812 2627 863 2676 per·

64 2686 164 2737 tectione
182 2683 295 2736 individui
314 2684 460 2748 resurgentis.
479 2684 584 2734 Secunde
604 2683 729 2734 humiditas
742 2687 791 2744 est,
810 2698 879 2748 que¹

65 2757 166 2808 nondum
181 2754 324 2821 pervenitad
340 2753 442 2805 ultimum
452 2754 624 2819 pertentionem,
637 2765 703 2818 quam
717 2760 797 2806 nature
807 2769 862 2818 ope·

64 2833 126 2880 ratur
139 2830 163 2878 in
181 2827 314 2891 individuo,
327 2828 368 2878 sed
383 2832 418 2878 est
427 2829 454 2877 od
466 2827 529 2876 ittam
541 2827 643 2876 ordinatu
655 2826 667 2875 t
677 2829 764 2877 nature.
778 2827 806 2876 nt
815 2827 863 2877 tures

65 2903 101 2954 est
109 2901 205 2968 duplex.
216 2898 273 2960 Quin
287 2899 389 2964 quedem
404 2903 439 2950 est
450 2937 456 2962 ,
468 2911 518 2960 que
527 2899 596 2951 habnt
610 2897 708 2962 ntiquom
718 2897 814 2948 tormen
826 2899 865 2948 de·
898 2889 902 2902 '
