1968 3294
243 209 274 247 ltu
288 207 384 248 ῊΙΙΟΙΙ
398 211 488 249 olim
502 211 632 264 mmm,
648 213 700 253 11¹0·
811 210 859 260 020

70 281 144 346 quod
156 281 263 346 loquitur.
274 284 368 343 Quando
378 284 453 336 autem
462 285 528 337 aliter
540 299 566 338 ec
577 286 711 349 habetdeo
719 288 801 340 ocior
809 289 864 342 illud

66 365 164 405 sensns
173 354 249 404 uidem
260 353 329 405 etiam
340 367 381 419 per
396 357 508 408 accidens.
527 357 582 410 iiico
593 371 648 421 ergo
657 358 716 422 prod
729 359 788 410 Deus
801 361 863 412 nullo

69 424 149 474 modo
162 427 237 487 potest
255 422 327 474 videri
346 424 395 476 risu
407 426 531 490 corporali,
543 431 582 477 aut
600 426 675 490 aliquo
687 428 766 480 mutini
781 442 862 493 muru,

68 493 141 545 sicut
148 507 198 559 per
209 509 236 544 ee
251 493 355 558 risibilis,
372 509 414 547 neo
425 496 464 546 tric
475 507 519 546 nec
530 495 555 548 in
568 497 652 561 putrln3
666 499 752 561 quinci
767 499 781 550 l
794 511 863 553 ecnsu

67 566 226 616 removentur
237 563 260 613 id
272 565 331 627 qnod
349 565 456 616 convenit
471 565 548 619 musal
564 565 589 616 in
604 571 712 630 qnantum
725 573 760 619 ost
771 581 860 629 consus,

70 647 128 686 uon
142 634 187 686 erit
198 646 294 698 sensnm
308 640 332 686 et
342 634 455 697 similiter,
470 635 513 686 sil
524 635 576 686 uisu
588 639 727 690 mmcveatur
736 639 792 690 illud
800 641 862 704 qnod

69 708 118 756 est
131 705 195 754 risds
208 704 233 755 in
247 709 355 768 quantum
368 707 404 755 est
412 705 484 768 usus,
492 717 539 759 non
551 706 594 756 crit
602 707 674 767 uiuus.
683 707 801 774 cumergo
810 721 861 760 sen-

67 787 134 838 sus,
149 775 174 826 in
196 779 308 840 qnantum
335 778 371 827 eat
390 787 481 836 sonmo,
499 775 610 844 percipiat
628 778 821 843 magnitudinem,
838 785 862 831 et

72 849 160 914 vim,
172 848 195 898 in
208 851 316 912 munium
329 851 365 899 est
376 845 427 898 talis
436 859 530 910 masur,
540 849 649 913 percipiet
658 851 770 913 colorem,
779 851 861 916 impos-

68 922 146 974 sibile
159 924 195 972 est
208 918 270 984 qudd
280 919 343 970 smus
352 919 463 984 percipiat
477 919 563 984 adquid
572 921 631 983 qnod
648 931 693 972 non
703 923 808 974 estcolor
818 936 861 975 noo

70 991 227 1056 magnitudo,
241 990 285 1042 nisi
302 1003 386 1040 senem
397 990 509 1040 diceretur
521 989 645 1055 equivoco.
660 989 718 1042 Cim
731 1005 785 1057 ergo
797 993 861 1044 uisus

71 1067 102 1114 et
117 1073 200 1113 sensns
213 1061 243 1112 sit
254 1061 344 1112 tuturus
357 1061 416 1112 idem
427 1061 502 1126 specie
513 1061 536 1110 in
549 1073 641 1126 corpore
653 1061 749 1125 glorioso
761 1063 800 1126 qui
812 1070 861 1115 erat

69 1131 101 1182 in
112 1143 205 1196 corpore
219 1145 264 1182 non
276 1131 388 1194 glorioso,
400 1141 445 1181 non
454 1131 537 1193 poterit
547 1143 597 1181 esse
606 1131 666 1194 quod
676 1131 775 1182 divinam
783 1145 861 1184 assem

71 1204 134 1255 tiana
153 1203 244 1266 rideat,
257 1202 316 1254 sicut
330 1201 419 1254 visibile
435 1215 481 1266 per
496 1211 530 1251 co.
543 1200 634 1252 videbit
650 1204 725 1252 autem
738 1213 788 1252 earn
801 1205 860 1256 sicut

69 1273 166 1325 uimbile
179 1272 422 1336 percommodum,
431 1275 532 1336 exparte
541 1283 594 1333 une,
605 1271 668 1322 risus
677 1272 798 1336 corporalis
807 1277 861 1326 tan·

71 1347 124 1395 tam
134 1343 228 1408 glorlmn
241 1342 282 1394 liei
294 1342 399 1406 inspiciet
413 1341 438 1392 iu
451 1341 582 1406 corporibus
594 1344 618 1392 et
631 1342 744 1408 precipuo
756 1343 860 1406 gloriosis

71 1416 121 1480 (et
135 1411 233 1464 maximi
245 1413 269 1462 in
279 1423 372 1476 corpora
383 1411 494 1475 christi),
504 1416 527 1462 ct
540 1425 568 1462 ex
582 1415 645 1476 parta
657 1411 717 1474 alia,
731 1412 860 1466 intellectus

71 1489 126 1536 tam
141 1482 200 1535 olari
213 1483 283 1534 Deum
296 1481 381 1534 videbit
391 1481 449 1546 quod
464 1482 488 1531 in
501 1481 568 1532 reim
582 1481 726 1545 corporaliter
735 1480 790 1532 nisis
801 1484 859 1535 daus

70 1552 223 1621 percipietur,
239 1553 298 1603 sicut
313 1553 337 1604 in
352 1552 465 1603 locutione
481 1551 601 1618 percipitur
613 1552 668 1601 uita.
679 1552 787 1611 Quamuis
798 1555 859 1605 euim

70 1633 133 1678 tunc
145 1625 272 1676 intellectus
285 1627 361 1674 noster
372 1635 418 1674 non
429 1623 505 1673 rideat
519 1623 589 1674 Deum
603 1635 632 1672 ex
642 1621 767 1684 creaturis,
782 1628 859 1675 tamen

70 1695 165 1749 videbit
176 1695 247 1746 Deum
258 1694 283 1744 in
298 1693 406 1745 creaturis
421 1691 565 1756 corporaliter
577 1693 641 1744 visis.
656 1692 684 1742 tlt
696 1693 757 1743 hunc
769 1695 859 1745 modurn

74 1767 199 1830 quotiens
215 1763 359 1828 corporaliter
373 1761 445 1827 possit
455 1761 542 1825 uideri,
553 1761 693 1825 Augustinus
703 1763 767 1826 ponit
781 1761 805 1812 in
814 1765 860 1816 tino

75 1837 117 1888 De
134 1835 247 1886 ciuitate
262 1833 322 1890 Dei,
337 1835 363 1883 ut
376 1835 440 1896 patet
455 1831 506 1896 ejus
521 1831 591 1881 neria
607 1831 719 1894 intuenti;
733 1831 787 1883 dicit
797 1833 860 1884 enim

73 1906 112 1957 sic
126 1901 357 1956 :evaldecredihila
370 1905 406 1954 est
419 1902 452 1952 uic
461 1913 506 1953 nos
516 1913 568 1954 esso
580 1901 668 1952 nisurum
679 1903 790 1954 mundana
806 1907 860 1954 tunc

71 1988 168 2041 corpora
178 1975 230 2026 coeli
238 1973 292 2025 noui
304 1975 329 2024 et
338 1976 403 2026 terra
416 1985 497 2036 novo,
508 1976 534 2024 ut
546 1973 616 2024 Deum
625 1971 709 2036 ubique
724 1977 858 2036 presentem

71 2052 99 2100 et
113 2047 217 2098 uniuersa
231 2043 300 2097 etiam
311 2044 434 2108 corporalia
452 2044 613 2108 gubernantem
631 2043 754 2094 olurisrimd
768 2043 860 2108 perspi-

75 2117 162 2168 cuitnto
174 2116 306 2178 uideamus;
320 2126 365 2166 non
380 2115 440 2165 deut
453 2127 514 2166 nnnc
527 2113 649 2165 inuisibilia
664 2113 704 2164 liei
716 2125 758 2176 per
770 2125 797 2164 ea
809 2126 859 2177 qua

73 2187 136 2238 tacta
149 2189 202 2236 sunt
216 2185 329 2236 intellecta
343 2183 520 2248 conspiciuntur,
534 2186 573 2236 sed
586 2183 647 2235 mont
655 2183 758 2234 nomines
771 2195 823 2235 mox
833 2187 860 2237 ut

74 2256 212 2322 aspicimus,
222 2269 268 2306 non
277 2254 390 2306 medimna
402 2253 487 2317 uiuere,
501 2255 542 2306 sed
553 2254 664 2306 videmos.
677 2268 692 2300 e

107 2327 140 2378 ld
154 2327 251 2391 primum
270 2337 324 2392 ergo
336 2324 455 2376 dicendum
467 2361 474 2388 ,
487 2324 547 2388 qnod
565 2325 658 2388 nubum
669 2323 724 2374 illud
735 2322 779 2373 tob
791 2322 859 2373 intel-

75 2398 156 2461 ligitur
167 2397 195 2448 dc
203 2396 268 2448 oculo
281 2393 404 2460 sprituum
414 2395 442 2446 do
452 2406 497 2458 qno
507 2394 699 2458 dicitapostctus,
709 2393 809 2456 Epiros..
822 2393 856 2444 v:

76 2487 91 2518 u
105 2469 245 2519 illuminatos
266 2468 348 2517 habena
371 2467 447 2518 oculos
467 2465 542 2516 cordis
559 2465 644 2526 noctu,
657 2479 672 2510 o
688 2463 747 2515 sicut
762 2462 860 2526 explicat

77 2540 217 2604 augustinus
225 2540 234 2602 (
242 2538 282 2589 tin.
291 2537 362 2590 xxti.
372 2538 408 2588 Dc
417 2537 497 2588 cinit.
506 2536 616 2598 Deicap.
626 2539 665 2597 19,
673 2537 696 2584 et
707 2532 780 2598 Epist.
787 2533 857 2598 cxli,

74 2621 128 2675 unp.
141 2611 196 2672 to).

80 2775 145 2829 toto,
158 2771 203 2815 etri
217 2781 264 2828 non
284 2769 356 2814 retent
366 2769 428 2825 quod
444 2770 572 2826 exemplum
593 2765 728 2814 salientur
747 2779 774 2813 ea
794 2767 818 2811 in
832 2776 858 2810 ro

79 2833 156 2896 durii
168 2832 203 2876 rel
217 2832 317 2884 morie,
331 2837 356 2875 at
370 2841 412 2874 nee
423 2841 453 2875 au
465 2830 545 2878 Sortes
557 2841 599 2887 pro
609 2830 718 2900 adiuncto
730 2829 817 2887 legetur
828 2827 859 2872 si-

78 2900 118 2940 cut
132 2895 155 2939 ln
168 2893 301 2952 kadendis,
314 2903 344 2939 en
357 2891 472 2938 Socretee.
