1970 3326
135 139 164 184 dt
275 143 478 192 sureunusurum,
495 140 588 186 oomsr.
605 140 676 188 ιω,
692 138 746 176 aar.
765 138 782 174 r.

135 222 194 286 ejus.
208 222 280 282 Unde,
297 221 315 270 si
332 233 378 270 non
392 219 533 275 observetur,
550 214 697 266 nihilomiuds
710 217 746 264 est
759 227 840 264 verum
851 226 943 264 sacra-

136 297 247 343 mentum.
267 292 312 342 Sed
322 294 397 341 tamen
413 287 588 353 pretermittens
598 288 659 336 hanc
670 285 943 354 intentionem,peccat;

136 364 195 415 sicut
213 365 233 416 si
248 363 273 412 in
292 363 404 426 baptismo
425 374 470 411 uon
486 359 619 409 intendatur
640 356 725 408 sanitas
746 355 846 420 inentis,
865 371 946 420 qnam

135 435 236 486 Ecclesia
250 433 356 484 intendit.
375 433 404 482 Et
419 431 522 481 similiter
539 429 577 480 illc
592 430 630 494 qui
645 429 743 480 intendit
760 428 945 480 matrimonium

136 506 281 566 contrahere,
294 503 398 568 quamue
412 502 580 552 matrimonium
593 513 639 552 uon
647 501 735 553 ordinet
745 501 772 550 ad
785 499 850 549 illum
864 499 946 553 finem

135 589 202 640 quem
214 573 316 626 Ecclesia
328 573 436 637 intendit,
449 572 597 624 nihilominds
608 586 687 622 verum
699 570 868 622 matrimonium
878 583 951 621 con-

134 647 213 698 trahit.

170 721 203 770 dd
221 721 326 784 quartum
348 717 484 781 dicendum,
501 715 560 780 qudd
575 715 630 766 illud
648 715 732 766 malum
750 715 864 766 intentum
888 729 947 768 nou

138 795 174 843 est
185 791 238 841 linis
251 788 398 853 matrimonii,
410 789 449 840 sed
463 787 655 842 contrahentium.

170 863 203 912 nd
216 861 319 926 quintum
338 860 475 924 dicendum,
489 859 549 924 qudd
569 860 619 924 ipsa
640 858 694 910 unio
714 862 750 909 est
771 859 862 922 siguum
882 873 951 912 con-

135 931 263 997 junctionis
276 932 361 982 christi
376 934 400 982 et
418 930 542 994 Ecclesia,
558 934 582 982 et
595 943 640 982 non
655 931 756 996 operatio
770 932 897 982 unitorum.
917 935 952 984 Et

92 1037 95 1042 ·
137 1004 189 1055 ideo
199 1003 256 1056 ratio
271 1016 317 1055 non
329 1002 440 1066 sequitur.

393 1277 556 1348 tumulto
574 1274 686 1345 XLIX.

222 1416 259 1465 Dc
272 1417 340 1464 dorsis
353 1419 522 1468 matrimonii,
536 1419 565 1464 itt
579 1431 622 1465 scm
636 1415 753 1464 articulos
768 1418 858 1464 diuiso.

173 1567 344 1632 consequenter
363 1566 550 1618 considerandum
567 1570 601 1617 est
621 1567 727 1618 debonis
744 1568 895 1619 matrimonii.

174 1639 239 1690 Circa
258 1639 318 1704 qudd
329 1634 468 1703 'queruntur
482 1652 523 1689 serr
539 1637 573 1704 (t)
592 1655 599 1686 ε
614 1643 641 1688 t⁰
654 1638 734 1689 Utrium
752 1640 848 1690 debeant
862 1641 959 1694 haberi

144 1709 219 1774 aliqua
236 1711 296 1760 bona
318 1709 347 1760 ad
368 1709 522 1760 excusandum
543 1710 723 1764 matrimonium.
739 1716 766 1760 2⁰
784 1710 863 1761 Utrlrm
881 1715 959 1765 sulti-

145 1782 233 1832 cienter
251 1781 404 1845 assignentur.
423 1787 449 1829 3⁰
463 1781 541 1832 Utrlrm
555 1783 640 1833 honum
662 1784 796 1834 sacramenti
818 1782 849 1834 sit
861 1784 962 1850 priuci-

145 1853 219 1915 patius
235 1853 297 1903 ‘iuter
314 1853 358 1902 alia
374 1854 443 1902 hona.
465 1857 491 1902 t⁰
506 1852 586 1903 Utrdm
598 1856 661 1903 actus
677 1853 816 1905 matrimonii
829 1867 869 1918 per
888 1871 962 1919 prae.

147 1925 206 1974 dicta
220 1925 280 1975 bona
294 1924 412 1988 apeccato
430 1929 558 1976 excusetur.
575 1929 601 1972 5⁰
615 1924 694 1976 Utrirm
710 1926 760 1978 siue
776 1925 810 1976 eis
825 1925 962 1988 adunando

147 1994 268 2058 dpeocato
286 1995 391 2046 excusari
410 1995 490 2060 possit.
507 2001 533 2044 6⁰
547 1995 626 2046 lltrdm
641 1998 730 2062 quando
743 1996 838 2050 estsine
854 1997 907 2064 eis,
922 2003 963 2053 sit

148 2079 239 2132 semper
251 2071 369 2132 peccatum
384 2069 489 2118 monete.

446 2249 608 2302 uuttcottts
621 2253 641 2302 1.

156 2375 241 2422 Utrum
260 2375 340 2422 haberi
354 2377 452 2422 debeant
467 2380 622 2454 utiquoldorao
636 2380 668 2426 cd
684 2361 846 2426 cumaculam
863 2386 963 2430 meotri—

201 2468 203 2473 ,
494 2457 609 2490 montom.

183 2573 217 2621 Ad
225 2571 322 2636 primum
334 2573 367 2623 sio
384 2575 521 2638 proceditur.
533 2573 627 2626 Videtur
639 2573 699 2638 quod
715 2571 882 2625 matrimonium
902 2591 958 2630 uon

152 2642 232 2694 debeat
242 2643 324 2694 habere
341 2644 416 2710 aliqua
427 2647 487 2696 hona
500 2646 582 2710 quibus
595 2649 724 2698 excusetur.
738 2645 802 2696 Sicut
816 2645 879 2696 cuim
893 2661 959 2700 con-

152 2713 251 2764 servatio
265 2714 387 2780 indiridui,
400 2731 450 2780 qum
468 2717 493 2766 ru
511 2729 551 2780 per
569 2729 595 2766 ea
613 2731 663 2781 quae
677 2718 706 2768 ad
725 2716 856 2768 nutritiram
882 2721 964 2782 perti-

186 2857 223 2920 (l)'
233 2863 267 2906 Ex
280 2863 322 2923 lv,
336 2863 414 2912 Serri..
427 2863 480 2911 dist.
494 2861 533 2922 31,
550 2875 589 2922 qn.
601 2861 625 2924 1,
641 2867 684 2909 art.
703 2863 715 2910 1
734 2869 757 2910 et
768 2875 839 2922 seqq.
