<?xml version="1.0" encoding="UTF-8"?>
<!DOCTYPE html PUBLIC "-//W3C//DTD XHTML 1.0 Transitional//EN"
    "http://www.w3.org/TR/xhtml1/DTD/xhtml1-transitional.dtd">
<html xmlns="http://www.w3.org/1999/xhtml" xml:lang="en" lang="en">
 <head>
  <title>
</title>
<meta http-equiv="Content-Type" content="text/html;charset=utf-8" />
  <meta name='ocr-system' content='tesseract 3.04.00' />
  <meta name='ocr-capabilities' content='ocr_page ocr_carea ocr_par ocr_line ocrx_word'/>
</head>
<body>
  <div class='ocr_page' id='page_1' title='image "./summatheologica06nicogoog_0369.png"; bbox 0 0 1936 3306; ppageno 0'>
   <div class='ocr_carea' id='block_1_1' title="bbox 263 173 843 241">
    <p class='ocr_par' dir='ltr' id='par_1_1' title="bbox 263 173 843 241">
     <span class='ocr_line' id='line_1_1' title="bbox 263 173 843 241; baseline 0.002 -3"><span class='ocrx_word' id='word_1_1' title='bbox 263 199 294 238; x_wconf 87' lang='lat' dir='ltr'><strong>on</strong></span> <span class='ocrx_word' id='word_1_2' title='bbox 311 173 450 238; x_wconf 67' lang='lat' dir='ltr'><strong>somnusue</strong></span> <span class='ocrx_word' id='word_1_3' title='bbox 466 190 626 240; x_wconf 78' lang='lat' dir='ltr'><strong>nonruonun.</strong></span> <span class='ocrx_word' id='word_1_4' title='bbox 799 192 843 241; x_wconf 76' lang='lat' dir='ltr'><strong>out</strong></span> 
     </span>
    </p>
   </div>
   <div class='ocr_carea' id='block_1_2' title="bbox 34 275 845 2204">
    <p class='ocr_par' dir='ltr' id='par_1_2' title="bbox 34 275 844 1702">
     <span class='ocr_line' id='line_1_2' title="bbox 39 275 844 341; baseline -0.002 -11"><span class='ocrx_word' id='word_1_5' title='bbox 39 275 239 338; x_wconf 74' lang='lat' dir='ltr'><strong>adstruendam»</strong></span> <span class='ocrx_word' id='word_1_6' title='bbox 253 279 279 328; x_wconf 88' lang='lat' dir='ltr'><strong>ut</strong></span> <span class='ocrx_word' id='word_1_7' title='bbox 289 280 353 341; x_wconf 87' lang='lat' dir='ltr'><strong>patet</strong></span> <span class='ocrx_word' id='word_1_8' title='bbox 365 289 406 341; x_wconf 85' lang='lat' dir='ltr'><strong>per</strong></span> <span class='ocrx_word' id='word_1_9' title='bbox 419 276 569 341; x_wconf 75' lang='lat' dir='ltr'><strong>Augustiuum</strong></span> <span class='ocrx_word' id='word_1_10' title='bbox 583 277 638 328; x_wconf 87' lang='lat' dir='ltr'><strong>iul.</strong></span> <span class='ocrx_word' id='word_1_11' title='bbox 652 279 689 328; x_wconf 85' lang='lat' dir='ltr'><strong>Dc</strong></span> <span class='ocrx_word' id='word_1_12' title='bbox 702 278 780 330; x_wconf 79' lang='lat' dir='ltr'><strong>Gr&#39;oc&#39;t.</strong></span> <span class='ocrx_word' id='word_1_13' title='bbox 795 280 844 334; x_wconf 79' lang='lat' dir='ltr'><strong>Det</strong></span> 
     </span>
     <span class='ocr_line' id='line_1_3' title="bbox 40 347 841 416; baseline 0.002 -14"><span class='ocrx_word' id='word_1_14' title='bbox 40 352 49 416; x_wconf 92' lang='lat'><strong>(</strong></span> <span class='ocrx_word' id='word_1_15' title='bbox 57 365 112 416; x_wconf 85' lang='lat' dir='ltr'><strong>cap.</strong></span> <span class='ocrx_word' id='word_1_16' title='bbox 127 353 158 399; x_wconf 80' lang='lat'><strong>13</strong></span> <span class='ocrx_word' id='word_1_17' title='bbox 170 350 188 413; x_wconf 80' lang='lat' dir='ltr'><strong>l.</strong></span> <span class='ocrx_word' id='word_1_18' title='bbox 200 349 263 399; x_wconf 90' lang='lat' dir='ltr'><strong>llude</strong></span> <span class='ocrx_word' id='word_1_19' title='bbox 277 349 344 400; x_wconf 88' lang='lat' dir='ltr'><strong>etiam</strong></span> <span class='ocrx_word' id='word_1_20' title='bbox 356 349 475 400; x_wconf 85' lang='lat' dir='ltr'><strong>voluerunt</strong></span> <span class='ocrx_word' id='word_1_21' title='bbox 488 349 511 398; x_wconf 92' lang='lat' dir='ltr'><strong>in</strong></span> <span class='ocrx_word' id='word_1_22' title='bbox 525 352 585 400; x_wconf 78' lang='grc' dir='ltr'>ιιιιι</span> <span class='ocrx_word' id='word_1_23' title='bbox 602 347 758 415; x_wconf 80' lang='lat' dir='ltr'>promissionis</span> <span class='ocrx_word' id='word_1_24' title='bbox 774 363 841 416; x_wconf 87' lang='lat' dir='ltr'><strong>sepe·</strong></span> 
     </span>
     <span class='ocr_line' id='line_1_4' title="bbox 36 419 844 490; baseline 0.005 -18"><span class='ocrx_word' id='word_1_25' title='bbox 36 422 83 486; x_wconf 93' lang='lat' dir='ltr'><strong>liri,</strong></span> <span class='ocrx_word' id='word_1_26' title='bbox 98 421 144 472; x_wconf 91' lang='lat' dir='ltr'><strong>ubi</strong></span> <span class='ocrx_word' id='word_1_27' title='bbox 158 419 279 471; x_wconf 83' lang='lat' dir='ltr'><strong>credebant</strong></span> <span class='ocrx_word' id='word_1_28' title='bbox 289 419 404 472; x_wconf 85' lang='lat' dir='ltr'><strong>Christum</strong></span> <span class='ocrx_word' id='word_1_29' title='bbox 418 419 559 471; x_wconf 85' lang='lat' dir='ltr'><strong>nasciturum</strong></span> <span class='ocrx_word' id='word_1_30' title='bbox 573 423 597 471; x_wconf 89' lang='lat' dir='ltr'><strong>et</strong></span> <span class='ocrx_word' id='word_1_31' title='bbox 610 421 754 486; x_wconf 83' lang='lat' dir='ltr'><strong>moliturum,</strong></span> <span class='ocrx_word' id='word_1_32' title='bbox 773 424 811 490; x_wconf 86' lang='lat' dir='ltr'><strong>cuj</strong></span> <span class='ocrx_word' id='word_1_33' title='bbox 817 439 844 476; x_wconf 91' lang='lat' dir='ltr'><strong>us</strong></span> 
     </span>
     <span class='ocr_line' id='line_1_5' title="bbox 35 491 596 544; baseline -0.002 -1"><span class='ocrx_word' id='word_1_34' title='bbox 35 493 182 544; x_wconf 81' lang='lat' dir='ltr'><strong>resurrectio</strong></span> <span class='ocrx_word' id='word_1_35' title='bbox 195 495 277 543; x_wconf 80' lang='lat' dir='ltr'><strong>nostre</strong></span> <span class='ocrx_word' id='word_1_36' title='bbox 292 491 461 544; x_wconf 85' lang='lat' dir='ltr'><strong>resurrectionis</strong></span> <span class='ocrx_word' id='word_1_37' title='bbox 471 493 505 542; x_wconf 87' lang='lat' dir='ltr'><strong>est</strong></span> <span class='ocrx_word' id='word_1_38' title='bbox 519 503 596 542; x_wconf 86' lang='lat' dir='ltr'><strong>causa.</strong></span> 
     </span>
     <span class='ocr_line' id='line_1_6' title="bbox 35 561 844 633; baseline 0.004 -18"><span class='ocrx_word' id='word_1_39' title='bbox 35 565 107 633; x_wconf 53' lang='lat' dir='ltr'><strong>„nid</strong></span> <span class='ocrx_word' id='word_1_40' title='bbox 117 563 211 615; x_wconf 88' lang='lat' dir='ltr'><strong>tertium</strong></span> <span class='ocrx_word' id='word_1_41' title='bbox 225 563 360 626; x_wconf 89' lang='lat' dir='ltr'><strong>dicendum,</strong></span> <span class='ocrx_word' id='word_1_42' title='bbox 371 563 431 627; x_wconf 83' lang='lat' dir='ltr'><strong>quod</strong></span> <span class='ocrx_word' id='word_1_43' title='bbox 439 561 492 628; x_wconf 87' lang='lat' dir='ltr'><strong>quia</strong></span> <span class='ocrx_word' id='word_1_44' title='bbox 500 575 551 614; x_wconf 86' lang='lat' dir='ltr'><strong>caro</strong></span> <span class='ocrx_word' id='word_1_45' title='bbox 562 567 596 614; x_wconf 87' lang='lat' dir='ltr'><strong>est</strong></span> <span class='ocrx_word' id='word_1_46' title='bbox 604 577 656 629; x_wconf 82' lang='lat' dir='ltr'><strong>pars</strong></span> <span class='ocrx_word' id='word_1_47' title='bbox 666 567 752 619; x_wconf 77' lang='lat' dir='ltr'><strong>nature</strong></span> <span class='ocrx_word' id='word_1_48' title='bbox 766 567 844 618; x_wconf 85' lang='lat' dir='ltr'><strong>homi-</strong></span> 
     </span>
     <span class='ocr_line' id='line_1_7' title="bbox 34 635 843 701; baseline 0.005 -15"><span class='ocrx_word' id='word_1_49' title='bbox 34 637 92 701; x_wconf 92' lang='lat' dir='ltr'><strong>nis,</strong></span> <span class='ocrx_word' id='word_1_50' title='bbox 109 637 245 687; x_wconf 78' lang='lat' dir='ltr'><strong>naturaliter</strong></span> <span class='ocrx_word' id='word_1_51' title='bbox 263 637 331 688; x_wconf 91' lang='lat' dir='ltr'><strong>homo</strong></span> <span class='ocrx_word' id='word_1_52' title='bbox 349 635 377 686; x_wconf 89' lang='lat' dir='ltr'><strong>ad</strong></span> <span class='ocrx_word' id='word_1_53' title='bbox 395 647 487 686; x_wconf 89' lang='lat' dir='ltr'><strong>carnem</strong></span> <span class='ocrx_word' id='word_1_54' title='bbox 503 639 568 686; x_wconf 80' lang='lat' dir='ltr'><strong>suum</strong></span> <span class='ocrx_word' id='word_1_55' title='bbox 588 636 700 701; x_wconf 84' lang='lat' dir='ltr'><strong>allicitur,</strong></span> <span class='ocrx_word' id='word_1_56' title='bbox 717 637 843 690; x_wconf 79' lang='lat' dir='ltr'><strong>secundina</strong></span> 
     </span>
     <span class='ocr_line' id='line_1_8' title="bbox 34 709 841 774; baseline 0.004 -16"><span class='ocrx_word' id='word_1_57' title='bbox 34 709 94 759; x_wconf 88' lang='lat' dir='ltr'><strong>illud</strong></span> <span class='ocrx_word' id='word_1_58' title='bbox 110 709 368 774; x_wconf 77' lang='lat' dir='ltr'><strong>Epter.,v:«1temo</strong></span> <span class='ocrx_word' id='word_1_59' title='bbox 380 719 479 771; x_wconf 83' lang='lat' dir='ltr'><strong>uuquam</strong></span> <span class='ocrx_word' id='word_1_60' title='bbox 489 719 579 758; x_wconf 88' lang='lat' dir='ltr'><strong>caruem</strong></span> <span class='ocrx_word' id='word_1_61' title='bbox 589 719 652 758; x_wconf 88' lang='lat' dir='ltr'><strong>suum</strong></span> <span class='ocrx_word' id='word_1_62' title='bbox 661 709 714 760; x_wconf 92' lang='lat' dir='ltr'><strong>odic</strong></span> <span class='ocrx_word' id='word_1_63' title='bbox 724 711 813 761; x_wconf 85' lang='lat' dir='ltr'><strong>habuit.</strong></span> <span class='ocrx_word' id='word_1_64' title='bbox 827 727 841 760; x_wconf 84' lang='lat' dir='ltr'><strong>u</strong></span> 
     </span>
     <span class='ocr_line' id='line_1_9' title="bbox 35 777 843 846; baseline 0.005 -16"><span class='ocrx_word' id='word_1_65' title='bbox 35 781 105 831; x_wconf 85' lang='lat' dir='ltr'>Unde</span> <span class='ocrx_word' id='word_1_66' title='bbox 124 779 251 831; x_wconf 80' lang='lat' dir='ltr'><strong>secundum</strong></span> <span class='ocrx_word' id='word_1_67' title='bbox 262 779 332 830; x_wconf 87' lang='lat' dir='ltr'><strong>istum</strong></span> <span class='ocrx_word' id='word_1_68' title='bbox 342 779 468 830; x_wconf 81' lang='lat' dir='ltr'><strong>naturalem</strong></span> <span class='ocrx_word' id='word_1_69' title='bbox 484 777 590 832; x_wconf 85' lang='lat' dir='ltr'><strong>allectum</strong></span> <span class='ocrx_word' id='word_1_70' title='bbox 601 779 662 830; x_wconf 92' lang='lat' dir='ltr'><strong>inest</strong></span> <span class='ocrx_word' id='word_1_71' title='bbox 674 780 762 832; x_wconf 87' lang='lat' dir='ltr'><strong>virenti</strong></span> <span class='ocrx_word' id='word_1_72' title='bbox 775 795 843 846; x_wconf 81' lang='lat' dir='ltr'><strong>quu-</strong></span> 
     </span>
     <span class='ocr_line' id='line_1_10' title="bbox 36 849 842 921; baseline 0.006 -21"><span class='ocrx_word' id='word_1_73' title='bbox 36 851 91 901; x_wconf 88' lang='lat' dir='ltr'><strong>dam</strong></span> <span class='ocrx_word' id='word_1_74' title='bbox 104 850 235 904; x_wconf 90' lang='lat' dir='ltr'><strong>sollicitudo</strong></span> <span class='ocrx_word' id='word_1_75' title='bbox 243 872 255 914; x_wconf 90' lang='lat'><strong>,·</strong></span> <span class='ocrx_word' id='word_1_76' title='bbox 269 849 323 914; x_wconf 88' lang='lat' dir='ltr'><strong>quid</strong></span> <span class='ocrx_word' id='word_1_77' title='bbox 340 849 408 901; x_wconf 79' lang='lat' dir='ltr'><strong>edam</strong></span> <span class='ocrx_word' id='word_1_78' title='bbox 423 853 475 914; x_wconf 90' lang='lat' dir='ltr'><strong>post</strong></span> <span class='ocrx_word' id='word_1_79' title='bbox 488 850 538 915; x_wconf 85' lang='lat' dir='ltr'><strong>ejus</strong></span> <span class='ocrx_word' id='word_1_80' title='bbox 553 855 649 902; x_wconf 87' lang='lat' dir='ltr'><strong>mortem</strong></span> <span class='ocrx_word' id='word_1_81' title='bbox 662 852 690 902; x_wconf 93' lang='lat' dir='ltr'><strong>de</strong></span> <span class='ocrx_word' id='word_1_82' title='bbox 705 866 800 921; x_wconf 87' lang='lat' dir='ltr'><strong>corpore</strong></span> <span class='ocrx_word' id='word_1_83' title='bbox 812 854 842 905; x_wconf 88' lang='lat' dir='ltr'><strong>sit</strong></span> 
     </span>
     <span class='ocr_line' id='line_1_11' title="bbox 36 921 841 988; baseline 0.006 -17"><span class='ocrx_word' id='word_1_84' title='bbox 36 924 159 986; x_wconf 82' lang='lat' dir='ltr'><strong>luturum3</strong></span> <span class='ocrx_word' id='word_1_85' title='bbox 177 923 307 986; x_wconf 83' lang='lat' dir='ltr'><strong>doleretque</strong></span> <span class='ocrx_word' id='word_1_86' title='bbox 325 922 344 972; x_wconf 88' lang='lat' dir='ltr'><strong>si</strong></span> <span class='ocrx_word' id='word_1_87' title='bbox 358 921 442 986; x_wconf 84' lang='lat' dir='ltr'><strong>aliquid</strong></span> <span class='ocrx_word' id='word_1_88' title='bbox 456 921 573 986; x_wconf 79' lang='lat' dir='ltr'><strong>indiguum</strong></span> <span class='ocrx_word' id='word_1_89' title='bbox 590 935 631 972; x_wconf 89' lang='lat' dir='ltr'><strong>suo</strong></span> <span class='ocrx_word' id='word_1_90' title='bbox 647 923 737 988; x_wconf 81' lang='lat' dir='ltr'><strong>corpori</strong></span> <span class='ocrx_word' id='word_1_91' title='bbox 749 925 841 976; x_wconf 84' lang='lat' dir='ltr'><strong>evenire</strong></span> 
     </span>
     <span class='ocr_line' id='line_1_12' title="bbox 35 991 843 1061; baseline 0.004 -17"><span class='ocrx_word' id='word_1_92' title='bbox 35 993 203 1058; x_wconf 59' lang='lat' dir='ltr'><strong>praesentirem</strong></span> <span class='ocrx_word' id='word_1_93' title='bbox 219 996 241 1044; x_wconf 89' lang='lat' dir='ltr'><strong>et</strong></span> <span class='ocrx_word' id='word_1_94' title='bbox 252 993 304 1044; x_wconf 86' lang='lat' dir='ltr'><strong>ideo</strong></span> <span class='ocrx_word' id='word_1_95' title='bbox 317 991 351 1043; x_wconf 89' lang='lat' dir='ltr'><strong>illi</strong></span> <span class='ocrx_word' id='word_1_96' title='bbox 365 993 403 1058; x_wconf 88' lang='lat' dir='ltr'><strong>qui</strong></span> <span class='ocrx_word' id='word_1_97' title='bbox 421 993 533 1044; x_wconf 86' lang='lat' dir='ltr'><strong>hominem</strong></span> <span class='ocrx_word' id='word_1_98' title='bbox 548 993 660 1057; x_wconf 75' lang='lat' dir='ltr'><strong>diligunt,</strong></span> <span class='ocrx_word' id='word_1_99' title='bbox 673 1007 701 1044; x_wconf 83' lang='lat' dir='ltr'><strong>en</strong></span> <span class='ocrx_word' id='word_1_100' title='bbox 720 997 764 1045; x_wconf 87' lang='lat' dir='ltr'><strong>lroc</strong></span> <span class='ocrx_word' id='word_1_101' title='bbox 782 996 843 1061; x_wconf 85' lang='lat' dir='ltr'><strong>qudd</strong></span> 
     </span>
     <span class='ocr_line' id='line_1_13' title="bbox 36 1062 841 1130; baseline 0.005 -16"><span class='ocrx_word' id='word_1_102' title='bbox 36 1065 138 1116; x_wconf 80' lang='lat' dir='ltr'><strong>affectui</strong></span> <span class='ocrx_word' id='word_1_103' title='bbox 149 1065 199 1127; x_wconf 80' lang='lat' dir='ltr'><strong>cius</strong></span> <span class='ocrx_word' id='word_1_104' title='bbox 215 1077 282 1128; x_wconf 87' lang='lat' dir='ltr'><strong>quem</strong></span> <span class='ocrx_word' id='word_1_105' title='bbox 296 1063 407 1128; x_wconf 77' lang='lat' dir='ltr'><strong>diligunt,</strong></span> <span class='ocrx_word' id='word_1_106' title='bbox 421 1062 603 1127; x_wconf 76' lang='lat' dir='ltr'><strong>conformantur,</strong></span> <span class='ocrx_word' id='word_1_107' title='bbox 616 1065 677 1116; x_wconf 89' lang='lat' dir='ltr'><strong>circa</strong></span> <span class='ocrx_word' id='word_1_108' title='bbox 690 1067 742 1130; x_wconf 87' lang='lat' dir='ltr'><strong>ejus</strong></span> <span class='ocrx_word' id='word_1_109' title='bbox 751 1079 841 1118; x_wconf 87' lang='lat' dir='ltr'><strong>carnem</strong></span> 
     </span>
     <span class='ocr_line' id='line_1_14' title="bbox 36 1135 839 1200; baseline 0 -13"><span class='ocrx_word' id='word_1_110' title='bbox 36 1149 121 1188; x_wconf 87' lang='lat' dir='ltr'><strong>euram</strong></span> <span class='ocrx_word' id='word_1_111' title='bbox 136 1136 284 1187; x_wconf 87' lang='lat' dir='ltr'><strong>humanitatis</strong></span> <span class='ocrx_word' id='word_1_112' title='bbox 292 1135 425 1200; x_wconf 84' lang='lat' dir='ltr'><strong>impendunt</strong></span> <span class='ocrx_word' id='word_1_113' title='bbox 437 1151 442 1185; x_wconf 92' lang='lat'><strong>:</strong></span> <span class='ocrx_word' id='word_1_114' title='bbox 454 1139 479 1184; x_wconf 91' lang='grc' dir='ltr'><strong>ιιι</strong></span> <span class='ocrx_word' id='word_1_115' title='bbox 489 1135 549 1186; x_wconf 91' lang='lat' dir='ltr'><strong>euim</strong></span> <span class='ocrx_word' id='word_1_116' title='bbox 561 1135 617 1186; x_wconf 90' lang='lat' dir='ltr'><strong>dicit</strong></span> <span class='ocrx_word' id='word_1_117' title='bbox 630 1137 769 1200; x_wconf 76' lang='lat' dir='ltr'><strong>Augustinus</strong></span> <span class='ocrx_word' id='word_1_118' title='bbox 781 1137 809 1188; x_wconf 84' lang='lat' dir='ltr'><strong>iu</strong></span> <span class='ocrx_word' id='word_1_119' title='bbox 820 1141 839 1189; x_wconf 90' lang='lat' dir='ltr'><strong>l.</strong></span> 
     </span>
     <span class='ocr_line' id='line_1_15' title="bbox 36 1206 838 1272; baseline 0.002 -14"><span class='ocrx_word' id='word_1_120' title='bbox 36 1210 76 1258; x_wconf 90' lang='lat' dir='ltr'><strong>De</strong></span> <span class='ocrx_word' id='word_1_121' title='bbox 93 1209 178 1261; x_wconf 77' lang='lat' dir='ltr'><strong>civit.</strong></span> <span class='ocrx_word' id='word_1_122' title='bbox 191 1209 239 1258; x_wconf 84' lang='lat' dir='ltr'><strong>Dei</strong></span> <span class='ocrx_word' id='word_1_123' title='bbox 251 1209 260 1272; x_wconf 77' lang='grc' dir='ltr'>ι</span> <span class='ocrx_word' id='word_1_124' title='bbox 270 1207 309 1258; x_wconf 88' lang='lat' dir='ltr'><strong>ubi</strong></span> <span class='ocrx_word' id='word_1_125' title='bbox 320 1207 405 1272; x_wconf 79' lang='lat' dir='ltr'><strong>sopri)</strong></span> <span class='ocrx_word' id='word_1_126' title='bbox 421 1223 427 1256; x_wconf 93' lang='lat'><strong>:</strong></span> <span class='ocrx_word' id='word_1_127' title='bbox 445 1207 495 1256; x_wconf 82' lang='lat' dir='ltr'><strong>«Si</strong></span> <span class='ocrx_word' id='word_1_128' title='bbox 504 1209 600 1272; x_wconf 87' lang='lat' dir='ltr'><strong>paterna</strong></span> <span class='ocrx_word' id='word_1_129' title='bbox 613 1206 684 1258; x_wconf 81' lang='lat' dir='ltr'><strong>uestis</strong></span> <span class='ocrx_word' id='word_1_130' title='bbox 695 1212 718 1258; x_wconf 87' lang='lat' dir='ltr'><strong>ei</strong></span> <span class='ocrx_word' id='word_1_131' title='bbox 732 1209 838 1272; x_wconf 87' lang='lat' dir='ltr'><strong>annulus,</strong></span> 
     </span>
     <span class='ocr_line' id='line_1_16' title="bbox 37 1277 842 1344; baseline 0.004 -15"><span class='ocrx_word' id='word_1_132' title='bbox 37 1293 65 1330; x_wconf 86' lang='lat' dir='ltr'><strong>ac</strong></span> <span class='ocrx_word' id='word_1_133' title='bbox 85 1279 172 1344; x_wconf 86' lang='lat' dir='ltr'><strong>siquid</strong></span> <span class='ocrx_word' id='word_1_134' title='bbox 187 1279 330 1344; x_wconf 83' lang='lat' dir='ltr'><strong>hujusmodi,</strong></span> <span class='ocrx_word' id='word_1_135' title='bbox 347 1278 411 1328; x_wconf 77' lang='lat' dir='ltr'><strong>tanto</strong></span> <span class='ocrx_word' id='word_1_136' title='bbox 424 1279 514 1330; x_wconf 88' lang='lat' dir='ltr'><strong>charius</strong></span> <span class='ocrx_word' id='word_1_137' title='bbox 528 1281 563 1329; x_wconf 85' lang='lat' dir='ltr'><strong>est</strong></span> <span class='ocrx_word' id='word_1_138' title='bbox 576 1277 680 1342; x_wconf 88' lang='lat' dir='ltr'><strong>posteris,</strong></span> <span class='ocrx_word' id='word_1_139' title='bbox 693 1277 778 1342; x_wconf 80' lang='lat' dir='ltr'><strong>querito</strong></span> <span class='ocrx_word' id='word_1_140' title='bbox 789 1292 842 1343; x_wconf 78' lang='lat' dir='ltr'><strong>erga</strong></span> 
     </span>
     <span class='ocr_line' id='line_1_17' title="bbox 36 1349 843 1416; baseline 0 -14"><span class='ocrx_word' id='word_1_141' title='bbox 36 1358 152 1415; x_wconf 88' lang='lat' dir='ltr'><strong>parentes</strong></span> <span class='ocrx_word' id='word_1_142' title='bbox 162 1353 234 1416; x_wconf 85' lang='lat' dir='ltr'><strong>major</strong></span> <span class='ocrx_word' id='word_1_143' title='bbox 244 1349 319 1400; x_wconf 85' lang='lat' dir='ltr'><strong>extitit</strong></span> <span class='ocrx_word' id='word_1_144' title='bbox 331 1350 434 1413; x_wconf 85' lang='lat' dir='ltr'><strong>allectus,</strong></span> <span class='ocrx_word' id='word_1_145' title='bbox 446 1351 508 1416; x_wconf 84' lang='lat' dir='ltr'><strong>nullo</strong></span> <span class='ocrx_word' id='word_1_146' title='bbox 518 1352 585 1401; x_wconf 92' lang='lat' dir='ltr'><strong>modo</strong></span> <span class='ocrx_word' id='word_1_147' title='bbox 593 1351 643 1415; x_wconf 88' lang='lat' dir='ltr'><strong>ipsa</strong></span> <span class='ocrx_word' id='word_1_148' title='bbox 651 1351 779 1414; x_wconf 87' lang='lat' dir='ltr'><strong>spernenda</strong></span> <span class='ocrx_word' id='word_1_149' title='bbox 788 1356 843 1402; x_wconf 87' lang='lat' dir='ltr'><strong>sunt</strong></span> 
     </span>
     <span class='ocr_line' id='line_1_18' title="bbox 38 1419 842 1490; baseline -0.001 -18"><span class='ocrx_word' id='word_1_150' title='bbox 38 1437 152 1490; x_wconf 76' lang='lat' dir='ltr'><strong>corpora,</strong></span> <span class='ocrx_word' id='word_1_151' title='bbox 164 1422 302 1486; x_wconf 73' lang='lat' dir='ltr'><strong>cumulique</strong></span> <span class='ocrx_word' id='word_1_152' title='bbox 316 1421 386 1472; x_wconf 82' lang='lat' dir='ltr'><strong>multo</strong></span> <span class='ocrx_word' id='word_1_153' title='bbox 397 1419 530 1472; x_wconf 69' lang='lat' dir='ltr'><strong>familiarius</strong></span> <span class='ocrx_word' id='word_1_154' title='bbox 542 1423 608 1484; x_wconf 86' lang='lat' dir='ltr'><strong>atque</strong></span> <span class='ocrx_word' id='word_1_155' title='bbox 616 1420 761 1485; x_wconf 78' lang='lat' dir='ltr'><strong>conjunctius</strong></span> <span class='ocrx_word' id='word_1_156' title='bbox 774 1420 842 1484; x_wconf 84' lang='lat' dir='ltr'><strong>quim</strong></span> 
     </span>
     <span class='ocr_line' id='line_1_19' title="bbox 38 1491 844 1558; baseline -0.002 -14"><span class='ocrx_word' id='word_1_157' title='bbox 38 1496 151 1557; x_wconf 77' lang='lat' dir='ltr'><strong>quelibet</strong></span> <span class='ocrx_word' id='word_1_158' title='bbox 165 1495 297 1544; x_wconf 89' lang='lat' dir='ltr'><strong>indumenta</strong></span> <span class='ocrx_word' id='word_1_159' title='bbox 311 1497 433 1558; x_wconf 69' lang='lat' dir='ltr'><strong>gosuinus.</strong></span> <span class='ocrx_word' id='word_1_160' title='bbox 451 1511 464 1540; x_wconf 80' lang='lat' dir='ltr'><strong>n</strong></span> <span class='ocrx_word' id='word_1_161' title='bbox 478 1494 541 1544; x_wconf 83' lang='lat' dir='ltr'><strong>Unde</strong></span> <span class='ocrx_word' id='word_1_162' title='bbox 555 1497 578 1543; x_wconf 88' lang='lat' dir='ltr'><strong>et</strong></span> <span class='ocrx_word' id='word_1_163' title='bbox 593 1491 738 1557; x_wconf 80' lang='lat' dir='ltr'><strong>inquantum</strong></span> <span class='ocrx_word' id='word_1_164' title='bbox 751 1493 844 1543; x_wconf 79' lang='lat' dir='ltr'><strong>affectui</strong></span> 
     </span>
     <span class='ocr_line' id='line_1_20' title="bbox 40 1563 842 1630; baseline 0 -16"><span class='ocrx_word' id='word_1_165' title='bbox 40 1567 146 1617; x_wconf 88' lang='lat' dir='ltr'><strong>hominis</strong></span> <span class='ocrx_word' id='word_1_166' title='bbox 158 1564 268 1616; x_wconf 71' lang='lat' dir='ltr'><strong>satisfacit</strong></span> <span class='ocrx_word' id='word_1_167' title='bbox 282 1565 394 1630; x_wconf 86' lang='lat' dir='ltr'><strong>sepeliens</strong></span> <span class='ocrx_word' id='word_1_168' title='bbox 411 1565 461 1629; x_wconf 86' lang='lat' dir='ltr'><strong>ejus</strong></span> <span class='ocrx_word' id='word_1_169' title='bbox 476 1579 557 1630; x_wconf 88' lang='lat' dir='ltr'><strong>corpus</strong></span> <span class='ocrx_word' id='word_1_170' title='bbox 564 1602 573 1629; x_wconf 90' lang='lat'><strong>,</strong></span> <span class='ocrx_word' id='word_1_171' title='bbox 585 1563 636 1614; x_wconf 83' lang='lat' dir='ltr'><strong>cim</strong></span> <span class='ocrx_word' id='word_1_172' title='bbox 649 1563 697 1628; x_wconf 87' lang='lat' dir='ltr'><strong>ipsu</strong></span> <span class='ocrx_word' id='word_1_173' title='bbox 709 1566 733 1614; x_wconf 86' lang='lat' dir='ltr'><strong>in</strong></span> <span class='ocrx_word' id='word_1_174' title='bbox 742 1566 786 1616; x_wconf 86' lang='lat' dir='ltr'><strong>troc</strong></span> <span class='ocrx_word' id='word_1_175' title='bbox 798 1564 842 1614; x_wconf 87' lang='lat' dir='ltr'><strong>sibi</strong></span> 
     </span>
     <span class='ocr_line' id='line_1_21' title="bbox 39 1635 731 1702; baseline -0.006 -14"><span class='ocrx_word' id='word_1_176' title='bbox 39 1639 176 1690; x_wconf 76' lang='lat' dir='ltr'><strong>satisfacere</strong></span> <span class='ocrx_word' id='word_1_177' title='bbox 189 1651 234 1688; x_wconf 91' lang='lat' dir='ltr'><strong>non</strong></span> <span class='ocrx_word' id='word_1_178' title='bbox 243 1638 324 1701; x_wconf 84' lang='lat' dir='ltr'><strong>possit,</strong></span> <span class='ocrx_word' id='word_1_179' title='bbox 338 1637 506 1702; x_wconf 75' lang='lat' dir='ltr'><strong>eleemosynam</strong></span> <span class='ocrx_word' id='word_1_180' title='bbox 518 1637 540 1686; x_wconf 91' lang='lat' dir='ltr'><strong>ei</strong></span> <span class='ocrx_word' id='word_1_181' title='bbox 553 1636 626 1687; x_wconf 85' lang='lat' dir='ltr'><strong>iacere</strong></span> <span class='ocrx_word' id='word_1_182' title='bbox 641 1635 731 1686; x_wconf 88' lang='lat' dir='ltr'><strong>dicitur.</strong></span> 
     </span>
    </p>

    <p class='ocr_par' dir='ltr' id='par_1_3' title="bbox 37 1707 845 1990">
     <span class='ocr_line' id='line_1_22' title="bbox 69 1707 844 1776; baseline 0 -14"><span class='ocrx_word' id='word_1_183' title='bbox 69 1714 105 1762; x_wconf 77' lang='lat' dir='ltr'><strong>td</strong></span> <span class='ocrx_word' id='word_1_184' title='bbox 117 1713 223 1776; x_wconf 88' lang='lat' dir='ltr'><strong>quartum</strong></span> <span class='ocrx_word' id='word_1_185' title='bbox 236 1709 364 1769; x_wconf 84' lang='lat' dir='ltr'><strong>dicendum,</strong></span> <span class='ocrx_word' id='word_1_186' title='bbox 373 1707 541 1772; x_wconf 79' lang='lat' dir='ltr'><strong>qudd&#39;itdelium</strong></span> <span class='ocrx_word' id='word_1_187' title='bbox 550 1707 642 1760; x_wconf 83' lang='lat' dir='ltr'><strong>deuotio</strong></span> <span class='ocrx_word' id='word_1_188' title='bbox 652 1711 692 1772; x_wconf 89' lang='lat' dir='ltr'><strong>(ut</strong></span> <span class='ocrx_word' id='word_1_189' title='bbox 701 1709 844 1774; x_wconf 75' lang='lat' dir='ltr'><strong>Augustinus</strong></span> 
     </span>
     <span class='ocr_line' id='line_1_23' title="bbox 37 1779 845 1847; baseline 0 -15"><span class='ocrx_word' id='word_1_190' title='bbox 37 1783 95 1834; x_wconf 90' lang='lat' dir='ltr'><strong>dicit</strong></span> <span class='ocrx_word' id='word_1_191' title='bbox 103 1782 128 1832; x_wconf 88' lang='lat' dir='ltr'><strong>in</strong></span> <span class='ocrx_word' id='word_1_192' title='bbox 137 1781 179 1832; x_wconf 87' lang='lat' dir='ltr'><strong>lib.</strong></span> <span class='ocrx_word' id='word_1_193' title='bbox 191 1782 348 1844; x_wconf 80' lang='lat' dir='ltr'><strong>Decurupro</strong></span> <span class='ocrx_word' id='word_1_194' title='bbox 360 1781 471 1831; x_wconf 78' lang='lat' dir='ltr'><strong>mortuis</strong></span> <span class='ocrx_word' id='word_1_195' title='bbox 479 1779 598 1847; x_wconf 71' lang='lat' dir='ltr'><strong>aponum),</strong></span> <span class='ocrx_word' id='word_1_196' title='bbox 607 1780 654 1831; x_wconf 89' lang='lat' dir='ltr'><strong>suis</strong></span> <span class='ocrx_word' id='word_1_197' title='bbox 663 1782 737 1832; x_wconf 83' lang='lat' dir='ltr'><strong>charis</strong></span> <span class='ocrx_word' id='word_1_198' title='bbox 748 1781 773 1832; x_wconf 89' lang='lat' dir='ltr'><strong>in</strong></span> <span class='ocrx_word' id='word_1_199' title='bbox 783 1781 845 1832; x_wconf 86' lang='lat' dir='ltr'><strong>locis</strong></span> 
     </span>
     <span class='ocr_line' id='line_1_24' title="bbox 39 1853 841 1920; baseline -0.001 -15"><span class='ocrx_word' id='word_1_200' title='bbox 39 1856 114 1905; x_wconf 87' lang='lat' dir='ltr'><strong>sacris</strong></span> <span class='ocrx_word' id='word_1_201' title='bbox 128 1853 251 1918; x_wconf 83' lang='lat' dir='ltr'><strong>procidens</strong></span> <span class='ocrx_word' id='word_1_202' title='bbox 264 1853 416 1918; x_wconf 88' lang='lat' dir='ltr'><strong>sepulturam,</strong></span> <span class='ocrx_word' id='word_1_203' title='bbox 432 1853 457 1904; x_wconf 90' lang='lat' dir='ltr'><strong>in</strong></span> <span class='ocrx_word' id='word_1_204' title='bbox 473 1855 516 1904; x_wconf 86' lang='lat' dir='ltr'><strong>hoc</strong></span> <span class='ocrx_word' id='word_1_205' title='bbox 530 1865 575 1904; x_wconf 89' lang='lat' dir='ltr'><strong>non</strong></span> <span class='ocrx_word' id='word_1_206' title='bbox 587 1853 708 1905; x_wconf 79' lang='grc' dir='ltr'>ιιιιιιιιιιιι</span> <span class='ocrx_word' id='word_1_207' title='bbox 725 1853 785 1920; x_wconf 81' lang='lat' dir='ltr'><strong>quod</strong></span> <span class='ocrx_word' id='word_1_208' title='bbox 801 1855 841 1906; x_wconf 91' lang='lat' dir='ltr'><strong>de-</strong></span> 
     </span>
     <span class='ocr_line' id='line_1_25' title="bbox 40 1925 820 1990; baseline 0.003 -16"><span class='ocrx_word' id='word_1_209' title='bbox 40 1927 147 1976; x_wconf 80' lang='lat' dir='ltr'><strong>functum</strong></span> <span class='ocrx_word' id='word_1_210' title='bbox 162 1937 226 1976; x_wconf 78' lang='lat' dir='ltr'><strong>surum</strong></span> <span class='ocrx_word' id='word_1_211' title='bbox 238 1925 344 1990; x_wconf 78' lang='lat' dir='ltr'><strong>suffragio</strong></span> <span class='ocrx_word' id='word_1_212' title='bbox 358 1929 487 1976; x_wconf 87' lang='lat' dir='ltr'><strong>sanctorum</strong></span> <span class='ocrx_word' id='word_1_213' title='bbox 499 1925 628 1989; x_wconf 85' lang='lat' dir='ltr'><strong>committit,</strong></span> <span class='ocrx_word' id='word_1_214' title='bbox 642 1927 668 1975; x_wconf 93' lang='lat' dir='ltr'><strong>ut</strong></span> <span class='ocrx_word' id='word_1_215' title='bbox 680 1925 820 1976; x_wconf 86' lang='lat' dir='ltr'><strong>dictumest.</strong></span> 
     </span>
    </p>

    <p class='ocr_par' dir='ltr' id='par_1_4' title="bbox 41 1995 840 2204">
     <span class='ocr_line' id='line_1_26' title="bbox 71 1995 838 2062; baseline -0.004 -12"><span class='ocrx_word' id='word_1_216' title='bbox 71 1999 108 2050; x_wconf 78' lang='lat' dir='ltr'><strong>Ad</strong></span> <span class='ocrx_word' id='word_1_217' title='bbox 125 1995 229 2060; x_wconf 85' lang='lat' dir='ltr'><strong>quintum</strong></span> <span class='ocrx_word' id='word_1_218' title='bbox 242 1996 369 2062; x_wconf 83' lang='lat' dir='ltr'><strong>dicendum,</strong></span> <span class='ocrx_word' id='word_1_219' title='bbox 380 1997 439 2061; x_wconf 83' lang='lat' dir='ltr'><strong>quod</strong></span> <span class='ocrx_word' id='word_1_220' title='bbox 449 1997 565 2062; x_wconf 85' lang='lat' dir='ltr'><strong>sepultura</strong></span> <span class='ocrx_word' id='word_1_221' title='bbox 578 1999 602 2048; x_wconf 92' lang='lat' dir='ltr'><strong>in</strong></span> <span class='ocrx_word' id='word_1_222' title='bbox 615 1999 665 2049; x_wconf 82' lang='lat' dir='ltr'><strong>loco</strong></span> <span class='ocrx_word' id='word_1_223' title='bbox 678 2011 753 2060; x_wconf 86' lang='lat' dir='ltr'><strong>sacro,</strong></span> <span class='ocrx_word' id='word_1_224' title='bbox 766 1997 838 2061; x_wconf 90' lang='lat' dir='ltr'><strong>impio</strong></span> 
     </span>
     <span class='ocr_line' id='line_1_27' title="bbox 41 2067 840 2134; baseline -0.003 -16"><span class='ocrx_word' id='word_1_225' title='bbox 41 2069 150 2120; x_wconf 85' lang='lat' dir='ltr'><strong>deluneto</strong></span> <span class='ocrx_word' id='word_1_226' title='bbox 163 2081 209 2119; x_wconf 90' lang='lat' dir='ltr'><strong>non</strong></span> <span class='ocrx_word' id='word_1_227' title='bbox 220 2072 301 2133; x_wconf 89' lang='lat' dir='ltr'><strong>nocet,</strong></span> <span class='ocrx_word' id='word_1_228' title='bbox 312 2067 357 2118; x_wconf 90' lang='lat' dir='ltr'><strong>nisi</strong></span> <span class='ocrx_word' id='word_1_229' title='bbox 369 2072 480 2132; x_wconf 81' lang='lat' dir='ltr'><strong>quatenus</strong></span> <span class='ocrx_word' id='word_1_230' title='bbox 494 2071 553 2120; x_wconf 85' lang='lat' dir='ltr'><strong>hanc</strong></span> <span class='ocrx_word' id='word_1_231' title='bbox 565 2067 703 2134; x_wconf 85' lang='lat' dir='ltr'><strong>scprdturam</strong></span> <span class='ocrx_word' id='word_1_232' title='bbox 717 2067 840 2120; x_wconf 80' lang='lat' dir='ltr'><strong>sibiindi-</strong></span> 
     </span>
     <span class='ocr_line' id='line_1_28' title="bbox 41 2139 613 2204; baseline -0.002 -14"><span class='ocrx_word' id='word_1_233' title='bbox 41 2153 111 2200; x_wconf 72' lang='lat' dir='ltr'><strong>guum</strong></span> <span class='ocrx_word' id='word_1_234' title='bbox 125 2143 217 2204; x_wconf 88' lang='lat' dir='ltr'><strong>propter</strong></span> <span class='ocrx_word' id='word_1_235' title='bbox 231 2141 352 2190; x_wconf 83' lang='lat' dir='ltr'><strong>numanum</strong></span> <span class='ocrx_word' id='word_1_236' title='bbox 364 2139 613 2203; x_wconf 79' lang='lat' dir='ltr'><strong>gloriamprocuraeit.</strong></span> 
     </span>
    </p>
   </div>
   <div class='ocr_carea' id='block_1_3' title="bbox 326 2297 612 2372">
    <p class='ocr_par' dir='ltr' id='par_1_5' title="bbox 326 2297 612 2372">
     <span class='ocr_line' id='line_1_29' title="bbox 326 2297 612 2372; baseline 0 -2"><span class='ocrx_word' id='word_1_237' title='bbox 326 2318 485 2370; x_wconf 81' lang='lat' dir='ltr'><strong>tentemus</strong></span> <span class='ocrx_word' id='word_1_238' title='bbox 501 2319 549 2372; x_wconf 74' lang='grc' dir='ltr'>ιιι.</span> <span class='ocrx_word' id='word_1_239' title='bbox 610 2297 612 2302; x_wconf 80' lang='grc'><strong>’</strong></span> 
     </span>
    </p>
   </div>
   <div class='ocr_carea' id='block_1_4' title="bbox 47 2447 842 2568">
    <p class='ocr_par' dir='ltr' id='par_1_6' title="bbox 47 2447 842 2568">
     <span class='ocr_line' id='line_1_30' title="bbox 47 2447 842 2508; baseline -0.003 -12"><span class='ocrx_word' id='word_1_240' title='bbox 47 2451 132 2496; x_wconf 78' lang='lat' dir='ltr'><strong>Utrum</strong></span> <span class='ocrx_word' id='word_1_241' title='bbox 140 2448 257 2506; x_wconf 74' lang='lat' dir='ltr'><strong>suffropr&#39;a</strong></span> <span class='ocrx_word' id='word_1_242' title='bbox 266 2449 387 2508; x_wconf 73' lang='lat' dir='ltr'><strong>quujtuut</strong></span> <span class='ocrx_word' id='word_1_243' title='bbox 393 2459 437 2503; x_wconf 81' lang='lat' dir='ltr'><strong>pro</strong></span> <span class='ocrx_word' id='word_1_244' title='bbox 447 2461 494 2494; x_wconf 81' lang='lat' dir='ltr'><strong>uuo</strong></span> <span class='ocrx_word' id='word_1_245' title='bbox 503 2449 621 2504; x_wconf 65' lang='lat' dir='ltr'><strong>defunctu</strong></span> <span class='ocrx_word' id='word_1_246' title='bbox 631 2447 842 2507; x_wconf 78' lang='lat' dir='ltr'><strong>moqisproflciout</strong></span> 
     </span>
     <span class='ocr_line' id='line_1_31' title="bbox 266 2511 618 2568; baseline 0.006 -14"><span class='ocrx_word' id='word_1_247' title='bbox 266 2512 288 2556; x_wconf 82' lang='lat' dir='ltr'><strong>ei</strong></span> <span class='ocrx_word' id='word_1_248' title='bbox 296 2511 465 2568; x_wconf 79' lang='lat' dir='ltr'><strong>proquoflumt</strong></span> <span class='ocrx_word' id='word_1_249' title='bbox 475 2511 546 2568; x_wconf 78' lang='lat' dir='ltr'><strong>purim</strong></span> <span class='ocrx_word' id='word_1_250' title='bbox 556 2511 618 2556; x_wconf 79' lang='lat' dir='ltr'><strong>otiis.</strong></span> 
     </span>
    </p>
   </div>
   <div class='ocr_carea' id='block_1_5' title="bbox 47 2641 903 3014">
    <p class='ocr_par' dir='ltr' id='par_1_7' title="bbox 47 2641 903 3014">
     <span class='ocr_line' id='line_1_32' title="bbox 75 2641 903 2706; baseline -0.004 -13"><span class='ocrx_word' id='word_1_251' title='bbox 75 2644 108 2695; x_wconf 78' lang='lat' dir='ltr'><strong>td</strong></span> <span class='ocrx_word' id='word_1_252' title='bbox 117 2641 274 2694; x_wconf 89' lang='lat' dir='ltr'><strong>duodecimum</strong></span> <span class='ocrx_word' id='word_1_253' title='bbox 287 2641 321 2692; x_wconf 90' lang='lat' dir='ltr'><strong>sic</strong></span> <span class='ocrx_word' id='word_1_254' title='bbox 330 2641 466 2706; x_wconf 84' lang='lat' dir='ltr'><strong>proceditur.</strong></span> <span class='ocrx_word' id='word_1_255' title='bbox 479 2641 575 2693; x_wconf 87' lang='lat' dir='ltr'><strong>Videtur</strong></span> <span class='ocrx_word' id='word_1_256' title='bbox 588 2641 648 2706; x_wconf 85' lang='lat' dir='ltr'><strong>qudd</strong></span> <span class='ocrx_word' id='word_1_257' title='bbox 662 2641 767 2706; x_wconf 80' lang='lat' dir='ltr'><strong>suffragia</strong></span> <span class='ocrx_word' id='word_1_258' title='bbox 786 2653 837 2705; x_wconf 76' lang='lat' dir='ltr'><strong>qum</strong></span> <span class='ocrx_word' id='word_1_259' title='bbox 901 2685 903 2690; x_wconf 92' lang='lat'><em>.</em></span> 
     </span>
     <span class='ocr_line' id='line_1_33' title="bbox 47 2711 838 2780; baseline -0.003 -15"><span class='ocrx_word' id='word_1_260' title='bbox 47 2716 102 2766; x_wconf 85' lang='lat' dir='ltr'><strong>liunt</strong></span> <span class='ocrx_word' id='word_1_261' title='bbox 110 2727 153 2780; x_wconf 94' lang='lat' dir='ltr'><strong>pro</strong></span> <span class='ocrx_word' id='word_1_262' title='bbox 166 2725 213 2764; x_wconf 89' lang='lat' dir='ltr'><strong>uuo</strong></span> <span class='ocrx_word' id='word_1_263' title='bbox 226 2714 345 2778; x_wconf 78' lang='lat' dir='ltr'><strong>defuncto,</strong></span> <span class='ocrx_word' id='word_1_264' title='bbox 356 2727 401 2765; x_wconf 88' lang='lat' dir='ltr'><strong>uon</strong></span> <span class='ocrx_word' id='word_1_265' title='bbox 411 2711 482 2777; x_wconf 76' lang='lat' dir='ltr'><strong>magis</strong></span> <span class='ocrx_word' id='word_1_266' title='bbox 494 2713 614 2778; x_wconf 84' lang='lat' dir='ltr'><strong>proficiant</strong></span> <span class='ocrx_word' id='word_1_267' title='bbox 625 2714 648 2765; x_wconf 92' lang='lat' dir='ltr'><strong>ei</strong></span> <span class='ocrx_word' id='word_1_268' title='bbox 660 2726 701 2779; x_wconf 88' lang='lat' dir='ltr'><strong>pro</strong></span> <span class='ocrx_word' id='word_1_269' title='bbox 712 2727 756 2776; x_wconf 86' lang='lat' dir='ltr'><strong>quo</strong></span> <span class='ocrx_word' id='word_1_270' title='bbox 771 2711 838 2774; x_wconf 85' lang='lat' dir='ltr'><strong>flunt,</strong></span> 
     </span>
     <span class='ocr_line' id='line_1_34' title="bbox 48 2783 842 2852; baseline -0.004 -15"><span class='ocrx_word' id='word_1_271' title='bbox 48 2787 112 2852; x_wconf 84' lang='lat' dir='ltr'><strong>quim</strong></span> <span class='ocrx_word' id='word_1_272' title='bbox 126 2787 186 2836; x_wconf 84' lang='lat' dir='ltr'><strong>aliis.</strong></span> <span class='ocrx_word' id='word_1_273' title='bbox 206 2787 292 2837; x_wconf 52' lang='lat' dir='ltr'><strong>inumeri</strong></span> <span class='ocrx_word' id='word_1_274' title='bbox 305 2788 367 2837; x_wconf 90' lang='lat' dir='ltr'><strong>enim</strong></span> <span class='ocrx_word' id='word_1_275' title='bbox 385 2785 502 2851; x_wconf 79' lang='lat' dir='ltr'><strong>spirituale</strong></span> <span class='ocrx_word' id='word_1_276' title='bbox 524 2785 595 2850; x_wconf 82' lang='lat' dir='ltr'><strong>magis</strong></span> <span class='ocrx_word' id='word_1_277' title='bbox 609 2791 644 2837; x_wconf 88' lang='lat' dir='ltr'><strong>est</strong></span> <span class='ocrx_word' id='word_1_278' title='bbox 658 2783 842 2837; x_wconf 76' lang='lat' dir='ltr'><strong>communicabile</strong></span> 
     </span>
     <span class='ocr_line' id='line_1_35' title="bbox 49 2855 838 2922; baseline -0.005 -14"><span class='ocrx_word' id='word_1_279' title='bbox 49 2858 114 2922; x_wconf 84' lang='lat' dir='ltr'><strong>quim</strong></span> <span class='ocrx_word' id='word_1_280' title='bbox 126 2857 241 2922; x_wconf 84' lang='lat' dir='ltr'><strong>corporale</strong></span> <span class='ocrx_word' id='word_1_281' title='bbox 249 2858 333 2908; x_wconf 88' lang='lat' dir='ltr'><strong>lumen.</strong></span> <span class='ocrx_word' id='word_1_282' title='bbox 346 2857 477 2907; x_wconf 83' lang='lat' dir='ltr'><strong>Sedlunlen</strong></span> <span class='ocrx_word' id='word_1_283' title='bbox 485 2858 602 2921; x_wconf 85' lang='lat' dir='ltr'><strong>corporale</strong></span> <span class='ocrx_word' id='word_1_284' title='bbox 612 2857 708 2922; x_wconf 77' lang='lat' dir='ltr'><strong>(scilicet</strong></span> <span class='ocrx_word' id='word_1_285' title='bbox 717 2855 838 2915; x_wconf 78' lang='lat' dir='ltr'><strong>candele),</strong></span> 
     </span>
     <span class='ocr_line' id='line_1_36' title="bbox 50 2926 842 3014; baseline -0.009 -31"><span class='ocrx_word' id='word_1_286' title='bbox 50 2929 151 2996; x_wconf 69' lang='lat' dir='ltr'><strong>mamus</strong></span> <span class='ocrx_word' id='word_1_287' title='bbox 165 2929 298 2980; x_wconf 83' lang='lat' dir='ltr'><strong>accendatur</strong></span> <span class='ocrx_word' id='word_1_288' title='bbox 306 2933 348 2996; x_wconf 88' lang='lat' dir='ltr'><strong>pro</strong></span> <span class='ocrx_word' id='word_1_289' title='bbox 358 2940 413 2993; x_wconf 85' lang='lat' dir='ltr'><strong>uuo,</strong></span> <span class='ocrx_word' id='word_1_290' title='bbox 423 2933 500 2980; x_wconf 81' lang='lat' dir='ltr'><strong>mnan</strong></span> <span class='ocrx_word' id='word_1_291' title='bbox 510 2929 628 2994; x_wconf 68' lang='lat' dir='ltr'><strong>emautur</strong></span> <span class='ocrx_word' id='word_1_292' title='bbox 637 2929 741 3014; x_wconf 80' lang='lat' dir='ltr'><strong>omnibus</strong></span> <span class='ocrx_word' id='word_1_293' title='bbox 750 2926 842 2993; x_wconf 84' lang='lat' dir='ltr'><strong>prodest</strong></span> 
     </span>
    </p>
   </div>
   <div class='ocr_carea' id='block_1_6' title="bbox 0 0 975 3306">
    <p class='ocr_par' dir='ltr' id='par_1_8' title="bbox 0 0 975 3306">
     <span class='ocr_line' id='line_1_37' title="bbox 0 0 975 3306; baseline 0 0"><span class='ocrx_word' id='word_1_294' title='bbox 0 0 975 3306; x_wconf 95' lang='lat' dir='ltr'><strong> </strong></span> 
     </span>
    </p>
   </div>
  </div>
 </body>
</html>
