1966 3304
238 150 270 188 or
285 149 348 190 rouo
363 149 492 192 minianu
506 153 566 193 rosa
583 153 690 195 unam.
817 143 864 198 ast

56 226 193 280 Theudorici
213 227 275 292 regis
295 241 364 292 quam
387 229 443 280 dicit
462 232 490 282 ad
515 233 644 295 gebennam
667 245 719 289 esse
739 234 864 288 deductam

55 303 124 366 (cap.
141 303 200 364 so).
220 301 278 364 Ergo
293 299 375 353 anime
391 305 444 366 post
463 306 559 353 mortem
581 303 666 355 babeat
679 308 741 356 certa
758 309 863 372 recepta-

54 374 113 424 cula.

85 445 357 511 (concussio-Sicut
369 447 442 498 Mum
455 459 506 498 asse
520 447 544 498 iu
563 447 620 498 coelo
635 447 747 514 dicimus,
764 451 796 501 ita
811 453 862 503 ani-

53 518 133 569 mabus
149 516 225 568 boatis
240 531 290 580 uum
308 517 399 568 deitatis
420 518 519 583 perlecto
540 518 664 584 participes
685 525 754 586 sunt,
773 522 823 574 loca
835 524 861 575 iu

52 590 117 640 cmbs
131 588 262 653 assignar13
277 588 396 640 animabus
414 589 468 642 vero
486 603 537 654 qum
549 591 680 655 hujusmodi
697 591 790 644 deitatis
804 599 859 646 sont

52 665 170 727 expertes,
183 661 297 712 contraria
309 661 359 712 loca
373 662 479 728 deputari
493 662 641 728 asserimus.)

82 735 222 800 Respondeo
239 733 369 797 dicendum,
382 735 443 798 qubd
458 735 564 798 quamam
581 736 715 788 substantia
727 738 858 802 spirituales
900 769 909 780 ,

53 805 180 858 secundum
201 819 253 854 esse
266 819 333 856 snum
346 805 360 857 d
373 819 466 871 corpore
488 819 535 857 nou
555 807 714 870 dependeant,
731 811 858 874 corporalia

53 883 126 929 nmen
138 877 153 928 b
164 877 212 928 beo
226 876 379 927 mediantibus
396 877 551 942 spiritualibus
570 879 738 944 gubernantur,
752 885 779 931 ut
800 882 858 934 dicit

52 950 194 1014 Augustinus
207 948 235 998 in
245 949 283 998 lli.
302 949 336 998 lie
350 949 455 1005 Triarii..
472 951 495 999 ct
508 947 630 1015 Gregorius
642 950 667 1000 in
679 951 720 1000 lll.
735 953 837 1018 Diolop.
908 997 912 1006 .

52 1026 74 1072 et
91 1022 145 1072 ideo
159 1025 196 1072 est
213 1021 317 1084 quandam
331 1019 492 1072 mareulomia
509 1019 661 1084 spiritualium
677 1021 856 1076 substantiarum

51 1095 76 1144 ad
92 1093 224 1158 corporales
239 1091 377 1162 substautias
389 1103 430 1156 per
442 1091 614 1156 congruentiam
625 1093 757 1156 quamdam,
770 1098 796 1145 ut
811 1097 856 1147 soi·

52 1165 101 1216 iicet
110 1161 254 1228 &aurbus
270 1161 404 1214 substantiis
413 1160 517 1226 digniora
526 1175 621 1227 corpora
632 1163 782 1228 adaptentur3
794 1169 855 1220 uude

53 1237 119 1288 etiam
135 1236 270 1302 paitosupii
286 1234 413 1288 meandum
426 1234 529 1286 ordinem
544 1234 663 1288 mobilium
676 1243 801 1301 posueruut
814 1254 856 1291 or-

53 1311 126 1362 dinem
140 1308 319 1360 snbstantiamm
337 1310 500 1372 separatarum.
516 1306 625 1366 Quamuis
646 1311 724 1359 antem
737 1309 856 1364 animabus

53 1385 217 1445 postmortem
237 1393 284 1432 uon
307 1379 454 1443 assignentur
470 1379 547 1444 abque
570 1391 666 1444 corpora
688 1392 784 1445 quorum
808 1383 856 1435 sint

53 1454 128 1506 torma
152 1453 191 1503 aei
211 1450 357 1503 determinati
381 1455 496 1515 mutones,
518 1450 698 1502 determinantur
716 1454 795 1503 manea
818 1456 854 1506 eis

51 1527 151 1590 pomam
167 1523 292 1588 corporalia
309 1521 359 1574 loca
375 1535 417 1586 per
434 1521 607 1586 congruentiam
619 1523 754 1586 quamdam,
770 1537 854 1578 secun·

51 1597 102 1649 diam
113 1597 197 1662 gradus
209 1595 326 1662 diguitatis
338 1607 427 1658 aarum,
445 1595 470 1646 in
481 1595 565 1661 quibus
576 1595 625 1647 sint
638 1595 704 1660 quasi
717 1597 742 1646 in
753 1598 812 1663 loco,
826 1611 854 1652 oo
908 1636 911 1643 -

51 1672 115 1722 modo
130 1663 178 1734 quo
190 1667 342 1734 incorporalia
353 1679 406 1719 esse
419 1671 515 1732 possunt
528 1667 552 1716 iu
569 1667 636 1730 loco,-
648 1669 775 1720 secundum
792 1671 854 1735 qubd

50 1742 120 1805 magis
131 1741 171 1792 uel
183 1739 261 1791 minus
277 1739 389 1790 accedant
402 1740 429 1788 ad
445 1737 542 1802 primam
561 1738 720 1804 substantiam,
735 1741 773 1790 cui
789 1744 853 1794 locus
884 1751 886 1756 '

50 1812 150 1877 superior
159 1825 201 1877 per
216 1811 386 1875 congruentiam
399 1811 531 1876 deputatur,
542 1809 710 1880 sedicet-baum
716 1849 724 1876 ,
735 1815 801 1879 cujus
811 1830 853 1867 sc-

50 1884 98 1936 dem
112 1885 194 1936 omium
205 1884 321 1948 Scriptura
331 1895 380 1936 erse
392 1882 520 1934 denuntiat.
530 1883 560 1933 Et
571 1881 625 1934 ideo
636 1883 724 1934 ammas
737 1899 787 1949 qus
796 1893 851 1939 sunt

49 1957 70 2006 iu
78 1957 254 2021 participatione
264 1956 366 2021 perlecta
379 1955 482 2019 deitatis,
496 1956 520 2004 in
531 1955 589 2007 cmlo
600 1969 652 2007 esse
662 1957 786 2022 ponimus3
801 1961 851 2010 ani·

50 2042 95 2079 mas
112 2028 168 2080 verb
187 2043 239 2094 quo
250 2028 431 2095 *participatione
457 2028 590 2093 hujusmodi
611 2027 783 2093 impediuntur,
798 2031 850 2081 loco

49 2104 158 2152 contrario
172 2102 269 2153 dicimus
282 2101 393 2166 deputari.

77 2173 111 2224 id
128 2173 228 2238 pomum
242 2185 296 2237 ergo
310 2172 430 2224 dicendum
439 2208 446 2231 ,
456 2171 517 2236 quod
532 2171 683 2238 incorporalia
697 2179 743 2224 nou
757 2178 811 2224 suni
825 2175 849 2224 iu

50 2245 111 2309 ioco,
130 2246 198 2296 modu
214 2245 290 2310 aliquo
304 2245 371 2296 nobis
388 2247 443 2296 uoto
459 2247 483 2294 et
502 2247 625 2307 consueto,
646 2243 771 2294 secuudum
787 2243 859 2308 quod·

50 2315 142 2368 dicimus
161 2327 257 2381 corpora
277 2314 405 2381 proprisio
422 2316 473 2366 ioco
490 2327 556 2376 esse3
572 2317 626 2365 suut
645 2318 723 2364 manen
742 2315 767 2364 in
781 2315 847 2378 locu,

51 2389 111 2438 nodo
133 2385 268 2438 substantiis
286 2385 439 2451 spiritualibus
461 2385 625 2449 convenienti,
640 2386 680 2450 qui
695 2385 762 2436 nobis
780 2387 848 2450 pieni

51 2459 179 2510 maniiestus
188 2469 240 2508 esse
253 2470 299 2507 nou
308 2460 394 2521 potest.

76 2532 110 2581 rid
122 2530 250 2582 secundum
264 2529 396 2590 dicendum,
407 2527 468 2592 quod
485 2527 570 2593 duplex
583 2533 619 2580 est
632 2530 795 2581 conuenientia
809 2531 846 2583 vel

49 2601 177 2652 similitudo.
193 2601 243 2651 tina
256 2611 307 2664 qum
322 2605 358 2651 esi
371 2613 413 2665 per
425 2599 623 2664 participationem
636 2600 739 2665 ejusdem
750 2603 846 2666 qualita-

50 2671 87 2736 tis,
100 2673 161 2724 sieut
169 2672 244 2722 calida
256 2672 286 2722 ad
300 2671 400 2722 inuicem
414 2671 569 2734 conueniuat3
585 2673 609 2721 et
621 2671 675 2722 talis
686 2673 848 2726 conuenientia

49 2740 236 2810 incorporalium
250 2744 278 2794 ad
295 2744 345 2794 loca
363 2743 487 2809 corporalia
506 2755 619 2794 essenon
636 2745 785 2809 potestatis
802 2759 848 2810 per

49 2818 163 2878 quamdam
185 2815 420 2881 proportionalitatem
441 2814 567 2868 seeundum
585 2827 654 2879 quam
678 2815 704 2867 in
722 2815 846 2881 scripturis

50 2887 196 2956 metaphorice
208 2888 334 2954 corporalia
346 2889 375 2940 ad
382 2887 515 2954 spiritualia
526 2888 706 2954 transiemntur3
723 2901 768 2952 quo
778 2888 846 2938 modo
858 2913 860 2916 ·
