1998 3326
231 183 264 220 nn
279 182 442 222 immisisse
458 181 700 224 couslrcmmrums.
819 177 866 227 tm

49 261 141 311 bonurn
156 258 248 323 prolis,
260 259 376 322 repressio
390 260 583 326 concupiscentie
598 265 621 312 et
635 261 793 327 multiplicatio
806 263 868 314 ami-

49 331 120 396 dcte,
135 334 166 380 ut
178 343 208 381 ex
220 329 288 381 dictis
300 330 363 395 patet
373 331 431 396 (art.
443 331 489 397 d);
506 345 556 396 qua
570 335 747 398 omnitempore
762 347 868 386 necessa·

48 404 84 454 m'a
107 400 237 464 equaliter
250 405 312 452 sunt.
331 402 391 464 Ergo
406 403 537 454 debuissent
551 405 668 468 aqualiter
685 402 747 456 omni
765 410 869 470 tempore

49 473 140 538 gradus
150 471 360 534 consanguinitatis
372 471 543 524 matrimonium
554 475 680 539 impedire3
695 477 754 540 quod
770 487 817 527 nou
830 481 868 530 est

48 558 152 607 rerum,
165 542 221 592 edm
230 543 298 594 modd
309 555 382 607 usquc
394 545 421 594 ad
431 547 546 608 putantum,
558 546 683 609 antiquitis
692 561 765 612 usque
776 549 805 598 ad
814 561 867 613 sep·

48 615 139 666 timum
156 614 254 678 gradtmr
267 613 435 664 matrimonium
450 617 635 678 consanguinitas
647 617 784 682 impedierit.

82 691 108 736 t.
128 684 266 746 Preterea,·
277 697 323 734 una
340 689 363 735 et
381 687 459 736 cadem
473 687 603 751 conjunctio
617 699 664 738 non
682 692 761 752 potest
778 701 828 740 esse
841 689 867 740 itt

51 769 140 820 genere
156 754 296 805 sacramenti
309 759 333 804 et
346 755 370 804 iu
381 766 464 818 genere
474 758 556 820 stupri.
566 759 612 809 Sed
622 759 669 809 boc
678 760 835 823 contingeret,
847 759 868 812 si

50 827 163 878 Ecclesia
183 826 278 878 haberet
289 829 426 888 potestatem
446 828 562 878 statuendi
578 828 693 879 diuersum
709 843 829 882 numerum
842 831 868 882 in

51 899 168 962 gradibus
181 895 360 960 impedientibus
373 899 558 964 matrimonium
572 899 631 949 sieut
640 900 661 950 si
671 901 741 964 aliqui
751 902 777 952 in
786 902 867 966 quinte

52 971 150 1033 made,
167 969 259 1033 quando
273 970 402 1034 propititus
420 965 475 1032 tiit,
490 971 606 1036 conjuncti
619 971 733 1035 luissent,
747 974 800 1024 talis
812 987 868 1024 cou-

51 1041 151 1106 junctio
163 1045 268 1104 stuprum
283 1045 358 1106 esset3
375 1043 415 1092 sed
428 1043 573 1106 postmodum
585 1044 665 1094 eadem
677 1045 815 1108 conjunctio,
823 1045 868 1096 Ec·

54 1113 132 1164 clesid
154 1125 221 1163 suam
246 1111 422 1176 prohibitionem
445 1117 584 1176 reuocante,
602 1116 771 1166 matrimonium
790 1120 866 1181 essct3

54 1188 80 1235 ct
93 1184 237 1236 econverso
250 1187 329 1248 posset
345 1185 459 1245 accidere,
476 1185 497 1234 si
511 1186 580 1248 aliqui
592 1185 673 1249 gradus
691 1187 792 1238 concessi
811 1201 867 1252 pos·

55 1261 110 1306 sent
129 1255 278 1320 postmodum
293 1254 321 1305 ab
332 1255 434 1306 Ecclesia
449 1255 564 1306 interdici.
577 1255 638 1319 Ergo
651 1257 743 1306 ridetur
752 1258 812 1321 qudd
826 1271 869 1322 po·

56 1328 134 1377 testam
149 1325 261 1376 Ecclesiae
276 1339 323 1375 uon
333 1337 358 1374 se
367 1328 476 1376 extendat
487 1326 516 1376 ad
525 1328 578 1377 luoc.

88 1403 114 1448 7.
132 1400 259 1460 Praeterea,
271 1397 310 1462 jus
321 1399 445 1448 humanum
461 1398 528 1448 debet
537 1397 622 1448 imitari
633 1399 672 1462 jus
686 1398 798 1449 diuinum.
814 1399 868 1460 Sed,

57 1468 188 1520 secundini
200 1469 371 1532 jus'diviuum
387 1470 446 1532 quod
459 1469 483 1518 in
497 1469 569 1520 ueteri
588 1469 639 1532 lege
660 1470 804 1532 continetur,
821 1481 869 1521 non

58 1541 180 1604 equaliter
195 1540 264 1588 currit
277 1538 400 1603 prohibitio
417 1539 525 1602 madunm
538 1541 564 1589 in
577 1555 681 1589 curcum
695 1543 718 1590 et
735 1541 868 1600 deorsum,

59 1611 114 1675 quia
133 1611 158 1660 iu
174 1611 251 1660 ueteri
263 1611 314 1674 lege
330 1610 411 1673 aliquis
429 1611 593 1674 prohibebatur
610 1612 714 1675 accipere
730 1612 754 1661 in
775 1625 869 1663 uxorem

58 1695 163 1735 sororem
179 1681 251 1748 patris
264 1682 300 1732 sui
310 1721 316 1743 ,
328 1695 374 1732 nou
390 1686 467 1732 tamen
484 1683 554 1731 filiam
571 1682 656 1732 fratris.
670 1683 730 1744 Ergo
743 1695 786 1732 neo
800 1683 868 1736 modb

62 1755 129 1806 debet
144 1755 221 1819 aliqua
236 1753 359 1818 probibitio
374 1755 402 1804 de
411 1753 532 1818 nepotibus
547 1758 571 1804 et
581 1753 670 1816 patruis
689 1766 787 1804 manere.

91 1827 137 1877 Sed
154 1831 234 1877 eontra
254 1829 303 1888 est,
318 1827 377 1889 quod
391 1825 501 1876 [lominus
514 1824 570 1875 dicit
586 1823 721 1888 discipulis:
743 1841 756 1872 u
771 1825 814 1884 Qui
826 1837 869 1878 tos

62 1897 144 1958 audit,
160 1910 197 1946 me
214 1898 284 1947 audit.
299 1912 313 1944 rr
332 1897 391 1960 Ergo
403 1892 542 1960 preceptum
557 1894 666 1948 Ecclesiae
683 1897 752 1947 babet
766 1897 868 1946 tirmite-

62 1971 123 2032 tem,
140 1968 199 2018 sicut
212 1972 351 2032 preceptum
365 1967 415 2018 liei.
431 1969 474 2018 Sed
486 1967 584 2018 Ecclesia
595 1969 730 2030 quandoque
739 1967 866 2032 probibuit,

63 2043 87 2090 et
104 2041 242 2103 quandoque
260 2039 374 2090 concessit
392 2039 481 2102 aliquus
498 2041 592 2103 gradus,
610 2053 667 2104 quos
686 2040 724 2090 lex
742 2043 808 2090 vetus
821 2052 869 2090 non

62 2111 190 2175 probibuit.
209 2113 268 2176 Ergo
284 2110 316 2160 illi
332 2111 414 2174 gradus
427 2111 597 2162 matrimonium
608 2111 745 2174 impediunt.

95 2185 219 2244 Preietos,
234 2184 295 2234 sicut
312 2181 366 2232 otim
380 2181 548 2232 matrimonium
563 2182 679 2246 gentilium
695 2181 870 2246 dispensabatur

64 2269 107 2320 pen
120 2255 184 2318 leges
200 2255 293 2316 civiles,
306 2254 338 2304 ita
348 2266 409 2303 nuno
420 2265 460 2318 per
475 2257 560 2302 statuta
571 2254 688 2304 Ecclesiae.
704 2252 749 2303 Sed
764 2252 818 2302 olim
831 2251 869 2302 lex

65 2324 141 2376 civilis
155 2327 321 2376 determinabat
336 2325 418 2390 gradm
433 2325 637 2388 consanguinitatis
647 2325 686 2388 qui
696 2321 870 2374 matrimonium

65 2396 207 2462 impediunt,
228 2396 306 2462 etqui
325 2409 381 2446 non.
401 2397 461 2459 Ergo
478 2400 503 2446 et
519 2395 586 2447 modb
605 2399 680 2460 potest
695 2396 739 2446 boc
757 2393 807 2444 ilari
828 2405 871 2458 per

67 2469 175 2520 Ecclesiae
186 2471 306 2519 statutum.

99 2542 260 2606 (douuunsro.
277 2565 308 2578 -
320 2541 420 2590 Possunt
431 2539 543 2592 Ecclesia
556 2542 646 2598 statuto¹
654 2537 723 2602 aliqui
730 2537 872 2601 consangui-

67 2612 145 2662 nitatis
162 2613 244 2676 gratim
258 2610 427 2662 matrimonium
440 2610 591 2674 impedientes
600 2609 681 2670 taxari,
691 2613 758 2674 prout
767 2607 870 2658 Ecclesia

68 2683 187 2748 lsplritu
211 2688 290 2736 sancto
308 2683 388 2734 edocta
409 2683 511 2732 humano
534 2682 612 2745 generi
633 2682 690 2732 utile
712 2695 762 2732 esse
778 2679 870 2744 judica-

69 2756 156 2820 uerit.)

95 2829 229 2893 despondeo
241 2827 370 2889 dicendum,
383 2824 583 2890 qubd,secundirm
600 2824 688 2876 dirersa
700 2828 813 2889 tempora,
832 2822 870 2872 in-

71 2899 364 2966 uenitur‘consaugulnitts
387 2895 512 2949 secundom
530 2895 612 2959 gradus
631 2897 730 2948 diuersos
750 2894 871 2946 matrimo·
927 2957 931 2961 ⁴
