1948 3312
143 195 188 240 aaa
290 192 489 240 onevmaaavnnr,
506 191 599 235 nomn.
617 189 669 237 ner,
687 191 741 230 ann.
760 189 794 228 vv.

424 371 585 424 annicetus
600 371 638 421 lt.

169 503 255 555 Utrum
270 503 384 548 clamo
392 501 625 606 immnzanavttrgwpev
633 499 790 555 receptiorem
799 498 907 555 waepero

467 574 480 606 c

170 693 205 746 acl
216 694 320 756 poenum
337 691 371 742 uic
383 689 522 755 proceditur.
531 689 625 740 Videtur
637 689 698 754 qnod
706 689 822 742 elementa
834 703 884 742 non
897 690 930 742 in·

141 763 284 814 novabuntur
296 773 336 825 per
349 760 503 826 receptionem
515 759 612 824 alicnjne
621 759 739 813 claritatis.
749 759 930 816 Sienteoinvlnx

138 836 174 886 eet
185 831 284 896 qualitas
296 830 396 895 eorporis
410 830 508 884 eolasoe
524 830 628 896 propria,
643 829 675 880 ita
687 829 803 882 calidum
815 834 842 882 et
852 831 929 894 sript·

138 901 219 960 dum.
241 901 378 952 lavatrinam
398 906 422 953 et
438 902 548 959 niceam,
561 905 614 953 eunt
628 899 725 966 propria
737 901 862 964 nualimma
880 901 929 953 ele-

138 976 276 1026 mentorum.
290 971 366 1034 llrpo.
382 971 442 1023 aient
454 971 535 1022 colum
545 971 667 1024 innovatur
678 975 878 1036 perangmenmnv
885 971 929 1022 dv-

138 1041 212 1096 ritatio
219 1077 229 1106 ‚
242 1041 276 1093 ita
291 1043 375 1094 debent
387 1041 492 1092 innovari
510 1041 621 1094 elementa
637 1053 679 1105 per
692 1045 839 1105 angmentum
854 1040 928 1106 quali·

138 1117 209 1167 mium
224 1113 348 1164 activarnm
361 1114 384 1162 et
397 1113 547 1175 paeeivarum.

169 1187 194 1239 a.
208 1184 332 1245 Pratum,
346 1195 437 1234 ruram
450 1186 474 1234 ot
487 1181 591 1232 daucum
603 1185 657 1234 eunt
666 1179 787 1246 comitates
805 1182 926 1234 attenuante⁸

138 1267 188 1306 rnm
200 1267 258 1318 qnae
270 1253 385 1305 elementa
397 1253 423 1303 in
432 1251 471 1304 illa
480 1251 626 1304 innovatione
638 1263 686 1302 non
701 1250 817 1303 amittent
836 1251 884 1306 Sed
893 1264 925 1303 ra-

137 1323 192 1374 ritas
203 1329 227 1376 et
238 1324 339 1376 densitas
348 1321 511 1376 elementorum
521 1318 627 1374 resistere
636 1321 742 1374 videntur
754 1321 853 1374 emniuti
859 1359 869 1387 ,
877 1322 924 1374 einr

137 1406 219 1459 corpus
234 1395 318 1445 elamm
331 1396 434 1458 oporteat
446 1405 499 1444 esse
510 1393 681 1444 condensatum.
696 1391 763 1444 Unda
778 1392 860 1446 variam
870 1393 925 1446 aeris

137 1476 183 1516 non
192 1465 281 1518 videtur
289 1461 350 1530 qnod
361 1463 434 1528 posuit
446 1462 568 1514 claritatem
578 1464 641 1530 pati;
653 1463 791 1516 etuniltev
803 1464 873 1516 etiam
886 1477 924 1516 nec

136 1533 238 1588 terrine
254 1538 395 1599 terva‚(qna
408 1533 556 1599 pervictatem
570 1533 638 1586 tollit.
653 1534 710 1599 lingo
724 1547 771 1585 non
785 1539 863 1598 potest
876 1548 924 1587 aava

136 1605 196 1670 quoi
211 1606 322 1658 elementa
333 1605 470 1656 innoventur
485 1618 526 1668 par
542 1603 638 1668 alicujus
653 1604 761 1656 claritatis
776 1605 922 1658 nonnionem.

168 1681 192 1728 u.
208 1676 333 1738 materen,
347 1679 436 1728 conatu
450 1673 511 1740 quoi
519 1674 618 1725 damnati
626 1680 695 1728 erunt
704 1675 729 1728 in
741 1679 811 1726 terra
825 1677 869 1728 Seri
882 1675 923 1741 ipo

136 1750 203 1798 erunt
215 1747 240 1798 in
253 1747 354 1800 enebris
366 1758 412 1798 non
429 1744 501 1796 eelim
516 1743 676 1808 interioribus,
690 1745 730 1797 ocd
742 1745 812 1796 etiam
825 1747 923 1799 extum-

136 1814 208 1866 ribue.
227 1815 285 1878 lingo
300 1821 360 1867 terra
374 1828 420 1866 non
435 1813 658 1870 dotabituvclaritato
673 1813 698 1866 in
712 1814 752 1868 illa
761 1814 922 1880 irnovmune.

136 1889 161 1935 et
173 1885 252 1936 eadem
262 1886 348 1938 ratione
361 1899 403 1937 uec
414 1885 458 1938 alia
471 1883 589 1937 elementa.

167 1959 191 2011 t.
201 1956 329 2016 Proteum,
342 1955 498 2021 multiplicatio
507 1952 613 2008 claritatis
621 1955 646 2006 in
660 1954 780 2007 elementis
792 1955 923 2023 multiplicat

136 2025 243 2079 calorem.
262 2026 288 2076 si
302 2025 370 2088 igitur
387 2026 412 2077 in
430 2027 469 2078 illa
483 2026 628 2077 innovatione
642 2024 686 2076 erit
699 2025 771 2088 major
782 2027 872 2079 claritas
880 2028 922 2079 ele

137 2101 262 2148 mentorum
275 2094 342 2160 quina
362 2108 423 2146 nunc
437 2096 479 2159 sit,
490 2097 535 2148 erit
552 2095 619 2147 etiam
632 2107 674 2160 por
691 2107 837 2160 consequeus
855 2098 922 2161 nvajot

136 2165 253 2229 caliditae3
265 2168 290 2218 et
306 2165 340 2216 eie
356 2165 443 2217 videtur
455 2165 516 2230 quon
534 2165 741 2218 transmutabuntur
754 2164 826 2220 asnis
835 2173 920 2220 natura·

135 2236 197 2288 libne
211 2233 369 2300 puniantur,
384 2247 434 2298 qna
449 2235 527 2286 ineunt
544 2237 578 2288 oio
591 2234 715 2288 mennatum
727 2238 812 2288 mutam
829 2251 920 2290 manen·

136 2319 198 2369 ram;
213 2306 273 2368 quon
289 2311 324 2355 est
336 2305 463 2356 abacelam.

168 2380 192 2426 o.
206 2379 328 2434 preterea,
342 2375 426 2428 lvorrnnv
444 2375 561 2439 universi,
574 2377 635 2440 quon
647 2375 752 2428 eonvietit
762 2375 787 2426 in
804 2378 883 2430 mnino
899 2381 920 2429 at

136 2445 254 2498 immunia
272 2444 384 2509 partium,
398 2444 489 2510 aliamne
503 2449 540 2498 eat
552 2447 620 2510 quim
631 2447 715 2498 bonnm
728 2445 824 2510 alicujus
840 2453 919 2500 natura

136 2514 264 2579 oinpumrie.
279 2515 323 2568 Sed
340 2515 361 2568 ei
374 2527 419 2567 nna
430 2521 531 2568 creatura
544 2517 655 2569 efficiatur
670 2513 763 2579 melior,
779 2515 867 2569 tollitur
882 2518 918 2569 lvo·

135 2597 190 2638 num
201 2583 314 2650 nniverai,
325 2586 378 2650 qnia
389 2597 434 2639 non
447 2585 573 2636 remanebit
585 2586 664 2637 carlom
673 2585 799 2636 harmonia.
814 2587 887 2651 lingo,
900 2587 918 2638 ai

136 2668 230 2722 corpora
252 2657 476 2723 clementiamque
499 2656 623 2708 eeeundim
643 2657 736 2720 gradum
756 2669 804 2708 ena
825 2663 917 2718 nature.

136 2739 203 2792 quom
216 2731 294 2780 tenent
307 2729 458 2791 innumerae,
473 2727 580 2780 claritatis
594 2727 677 2779 dehent
690 2739 740 2777 caen
749 2728 862 2791 expertia,
876 2729 918 2780 cla·

136 2797 225 2848 mmmm
239 2799 365 2862 accipiant,
381 2798 452 2860 marie
471 2810 499 2848 ex
509 2799 553 2849 hoe
572 2797 683 2862 deperibit
703 2797 810 2858 perlectio
821 2797 917 2851 nnivemi

136 2865 202 2928 quim
216 2873 335 2920 accrescet.
