1970 3326
1 2969 3 2992 i

1 2995 2 3022 i

145 181 175 230 it
284 191 488 242 sternumentum,
503 191 597 236 uuusr.
613 191 685 241 near,
701 189 757 229 aar.
774 191 801 228 rr.

145 271 172 320 de
195 268 317 334 presenti;
338 280 384 330 quo
401 267 451 330 quis
467 269 576 318 transfert
595 267 719 320 dominium
739 267 775 317 sui
796 267 905 331 corporis
930 271 960 321 in

144 339 220 402 oliam,
234 339 289 389 iacit
299 340 430 403 precedens
439 338 594 402 jurameutum
607 351 658 390 esse
671 337 775 388 itiioitum
782 375 791 402 ‚
808 340 871 402 quod
883 341 960 405 priirs

145 411 233 462 licitum
247 414 306 460 erat.

110 485 119 499 “
175 483 209 534 Ad
228 483 351 534 secundum
370 481 488 534 dicendum
497 518 506 545 ,
519 481 578 546 quod
597 481 683 533 veritas
696 481 773 534 divina
787 481 963 536 efficacissima

147 557 181 606 ost
200 554 228 604 ad
244 554 381 604 firmandum
395 554 450 607 illut
465 554 502 606 cui
516 553 644 606 adhibetum

181 626 245 677 Unde
259 627 323 690 patet
336 625 419 677 solutio
434 626 462 678 ad
472 627 575 680 tertium.

177 697 210 748 nd
223 700 327 762 quartum
343 698 474 762 dicendum,
488 698 549 763 quod
560 699 716 763 juramentum
729 698 815 762 aliquid
828 703 961 764 operatur,

146 783 192 820 non
209 783 292 822 noram
314 770 475 834 obligationem
489 771 591 833 taciens,
604 772 644 822 sad
657 770 743 822 tactam
755 769 913 836 confirmans3
935 777 963 824 et

148 842 181 893 sio
197 841 289 907 gravitas
308 846 388 907 peceat
401 842 441 907 qui
454 856 506 895 earn
521 842 600 895 violat.

441 1023 601 1076 narremus
616 1025 644 1078 11.

178 1151 262 1198 Utrtm
279 1153 385 1198 cornutis
399 1155 484 1212 copulo
493 1153 628 1211 poetucrbu
642 1153 670 1198 rte
685 1155 768 1206 sutsrro
778 1165 931 1212 conscensum

313 1219 484 1276 exprimentia,
495 1221 575 1276 sueiot
585 1220 776 1265 matrimonium.
983 1219 984 1230 ¹

181 1352 213 1402 Aci
229 1351 350 1402 secundum
365 1351 400 1402 sio
416 1351 555 1415 proceditur.
569 1349 665 1400 Videtur
679 1349 739 1414 quod
755 1350 856 1402 carnaiis
868 1358 964 1418 copula
983 1383 984 1386 ¹

150 1427 202 1487 post
215 1424 283 1474 verba
295 1423 323 1474 de
335 1424 411 1474 futuro
421 1435 556 1474 consensum
570 1421 730 1485 exprimentia,
743 1422 811 1472 iaciat
826 1425 962 1480 matrimo.

150 1495 222 1545 ninnn.
236 1495 294 1553 Quia
312 1495 385 1558 niejus
401 1497 437 1546 est
450 1495 580 1545 consentire
597 1494 657 1544 iacto
670 1492 736 1556 quim
752 1495 830 1544 norbo.
848 1495 895 1546 Sed
918 1499 964 1553 ilie
983 1523 984 1528 ¹

150 1567 189 1630 qui
204 1565 323 1616 carnaliter
337 1565 503 1628 commiscetur,
514 1567 574 1616 facto
589 1564 704 1616 morentii
719 1564 867 1629 promissioni
880 1583 961 1632 quam
983 1575 984 1592 ¹

149 1637 214 1702 priirs
228 1636 291 1689 iecit.
307 1638 365 1701 Ergo
380 1637 470 1688 videtur
485 1636 546 1702 quod
561 1635 714 1700 multomagis
731 1649 772 1700 per
783 1638 828 1686 hoc
842 1637 884 1688 tint
901 1655 963 1695 ma.
983 1651 984 1674 r

150 1711 296 1774 tonsorium,
314 1709 381 1774 quam
393 1710 413 1760 si
421 1711 475 1762 solis
489 1709 564 1760 verbis
577 1710 605 1760 de
614 1709 721 1774 prasenti
735 1721 861 1760 consensus
875 1712 961 1767 iteret.
983 1715 984 1748 i

182 1787 205 1831 a.
221 1785 350 1846 pretores,
366 1795 489 1832 consensus
510 1794 556 1832 non
575 1781 648 1831 soiirm
667 1793 807 1844 expressus,
821 1781 863 1830 sed
881 1785 984 1839 etium
983 1787 984 1824 i

149 1852 342 1916 interpretatione,
352 1852 593 1903 iacitrnatrimonium.
601 1852 647 1902 Sed
658 1851 720 1902 nulia
729 1854 865 1916 potestesse
878 1859 984 1922 major

150 1923 306 1989 interpretatio
320 1923 443 1974 consensius
461 1923 528 1986 quim
541 1921 638 1973 carnalis
651 1924 739 1988 copula.
758 1925 817 1987 Ergo
834 1925 984 1988 perficitur

151 1995 321 2046 matrimonium
334 2008 375 2058 per
389 1995 444 2044 troo.
983 2031 984 2034 ,

184 2072 207 2118 3
223 2065 676 2130 Praetorea‚omn1soonJunotrocarnalis
688 2065 984 2131 pratermatrrmonrurn

151 2140 224 2202 iacta,
240 2141 275 2189 est
289 2141 416 2202 peccatum.
428 2138 473 2188 Sed
488 2137 570 2187 mulier
586 2151 633 2188 non
648 2138 737 2188 ridetur
751 2149 847 2203 peccam
862 2141 984 2197 admit-

150 2213 220 2264 teudo
237 2223 345 2276 sponsum
360 2211 388 2260 ad
400 2210 513 2260 carnalem
524 2209 637 2274 copulam.
651 2211 709 2275 Ergo
720 2223 761 2275 per
777 2211 820 2262 troo
834 2210 860 2262 tit
870 2219 984 2272 unatri-
983 2239 984 2248 ¹

151 2297 263 2336 monium.

183 2359 205 2406 t.
221 2356 346 2415 Praetereo,
365 2370 379 2402 u
395 2365 441 2404 non
462 2353 583 2405 dimittitur
604 2357 721 2418 peccatum
747 2353 792 2406 nisi
815 2355 961 2416 restituatur
983 2359 984 2394 i

151 2427 259 2478 ablatum.
274 2442 288 2474 o
303 2425 348 2475 Sed
357 2424 439 2490 aliquis
450 2439 497 2477 rron
507 2429 582 2490 potest
596 2425 685 2477 mulieri
696 2439 765 2490 quam
778 2427 900 2482 defloravit
910 2438 962 2489 sub
983 2429 984 2464 ³

151 2498 227 2564 specio
245 2497 392 2561 matrimonii,
402 2497 522 2549 restituere
536 2499 650 2560 ablatum,
665 2497 710 2548 nisi
723 2510 773 2549 erm
787 2499 897 2564 conjugio
909 2507 960 2557 du.
983 2505 984 2538 i

151 2573 195 2621 cat.
217 2570 275 2633 Ergo
289 2569 378 2620 videtur
393 2568 454 2634 quod
471 2570 492 2620 si
505 2569 574 2620 otium
588 2574 639 2635 post
653 2569 764 2624 carnalem
776 2571 882 2635 copulam
897 2589 959 2632 cum
983 2575 984 2610 i

152 2642 195 2693 alia
211 2641 347 2694 contraxerit
365 2655 405 2707 por
418 2643 487 2692 verba
501 2642 529 2692 de
547 2642 670 2707 prasenti,
691 2645 795 2692 terrentur
810 2644 959 2709 reprimam
983 2679 984 2684 κ

151 2715 242 2776 redire;
258 2715 318 2778 quod
335 2727 382 2766 oon
401 2719 478 2776 essct,
492 2713 537 2765 nisi
554 2715 613 2765 inter
632 2726 673 2766 cos
690 2717 750 2764 esset
769 2715 958 2777 matrimonium,
983 2723 984 2748 ¹

150 2788 210 2851 Ergo
226 2786 322 2838 carnalis
331 2789 426 2852 copula,
439 2793 493 2853 post
504 2799 640 2839 consensum
654 2787 682 2838 do
696 2786 786 2852 tuturo,
800 2787 855 2840 tacit
868 2797 957 2846 matri-

152 2872 264 2912 monium.

184 2931 228 2984 Sed
240 2934 317 2984 contra
332 2935 385 2998 est,
397 2932 458 2998 qood
471 2929 526 2984 dicit
539 2930 646 2984 Nicotaus
658 2931 720 2998 Papa
734 2946 742 2983 τ
760 2931 807 2984 «Si
823 2945 958 2994 consensus
