1954 3314
100 86 146 132 sot
233 95 433 144 sneensnsnrrur,
450 95 542 139 pnnsr.
559 95 648 144 aaut,
664 95 719 134 aar.
738 97 765 132 n.

100 185 154 236 pore
169 183 220 221 esse
238 170 410 234 exsperatione
431 169 522 219 uirtutis
539 169 639 232 divinae3
652 169 712 220 sicut
730 171 802 222 etiam
817 185 913 240 corpus

100 243 162 294 Petri
174 255 220 292 non
233 241 313 291 hahuit
324 255 353 291 ex
370 240 445 302 aliqua
458 240 597 304 proprietate
609 241 682 290 indita
695 243 756 303 quod
768 243 798 292 ad
814 244 914 296 adven-

98 314 183 364 tionem
198 313 249 376 ejus
261 316 395 362 sanarentur
409 310 505 375 infirmi,
520 312 559 362 sed
573 313 616 362 hoo
627 311 695 364 tiebat
710 314 798 365 uirtute
813 315 912 380 divinat,

99 387 128 436 ad
146 384 318 436 aedificationem
332 381 386 434 fidei
403 398 409 432 :
422 381 534 432 italaciet
546 383 616 434 virtus
628 382 742 434 divinant
753 397 843 450 corpus
857 389 913 452 glo·

99 455 183 506 riosu'm
195 454 353 518 possit-siunt
372 467 424 504 cum
446 453 488 504 alin
502 467 598 518 corpore
617 467 668 504 esse
687 454 716 504 ad
733 455 910 519 perlectionem

116 527 188 578 loriae.

101 541 115 590 g
132 599 165 648 Ad
186 595 286 660 primurn
298 609 352 660 ergo
365 595 503 656 dicendum,
518 595 579 659 qued
592 609 675 659 corpus
689 597 775 648 Christi
792 611 842 650 non
860 602 910 652 lna-

99 670 149 720 huit
161 683 190 720 ex
199 669 331 719 subtilitatis
344 669 396 720 dote
407 668 468 731 poltri
482 671 562 733 posset
577 681 629 718 esse
640 669 708 718 simul
720 683 774 720 oum
788 669 836 722 alio
852 687 908 723 eor-

99 752 154 803 pore
172 740 198 788 in
214 740 292 790 eodem
308 741 375 800 loco,
390 740 430 790 sed
448 741 492 790 nnn
509 739 596 788 aaaron
614 743 649 788 est
662 740 748 790 virtute
770 741 907 794 divinitatis

100 815 153 877 post
173 812 453 874 resurrectionem‚sisut
470 813 495 863 in
515 811 642 862 nativitate.
658 812 722 864 Unde
740 815 866 879 Gregorius
880 819 907 870 in

100 883 216 935 Humilia
225 884 295 936 XXVI
307 883 398 949 (snper
411 883 521 948 Euunp.)
533 883 589 934 uicit
603 900 609 933 :
623 884 701 934 ulllud
715 898 800 950 corpus
810 889 907 940 llomiui

99 954 193 1004 intravit
203 956 230 1004 aul
242 955 367 1020 discipulos
376 953 455 1017 ianuis
467 954 564 1012 clausis,
575 955 635 1017 quot
648 956 676 1006 ad
691 957 807 1008 humanos
821 960 905 1010 oculos

100 1040 141 1090 per
153 1025 296 1076 nativitatem
308 1039 373 1076 suam
386 1026 465 1076 clausu
476 1025 532 1075 exiit
544 1029 610 1075 utero
623 1025 732 1089 Virginis.
745 1042 759 1074 u
774 1029 841 1079 Unde
854 1043 902 1081 uon

99 1101 190 1160 oportet
201 1095 261 1160 quod
270 1097 356 1148 natione
369 1109 416 1148 suae
429 1095 562 1147 subtilitatis
573 1096 617 1146 hoo
632 1097 757 1147 conveniat
768 1101 905 1164 corporibus

101 1168 215 1232 gloriosis.

130 1241 164 1291 ld
184 1241 308 1292 secundum
322 1241 461 1301 dicendum,
474 1237 533 1303 quod
551 1238 627 1288 lumen
644 1251 691 1290 uon
709 1245 747 1290 est
761 1253 861 1308 corpus,
876 1249 903 1294 ut

100 1313 124 1363 in
144 1312 218 1376 prima
233 1316 298 1376 parte
313 1311 398 1361 dictum
411 1315 446 1362 ast
456 1348 464 1374 ,
475 1314 556 1374 quast.
566 1312 613 1372 nn,
624 1313 667 1360 art.
682 1313 706 1360 2.
718 1310 784 1362 Unde
800 1313 902 1379 objectio

100 1384 245 1448 proceditur
258 1383 332 1433 lalsis.

131 1455 164 1505 td
188 1455 279 1506 tertium
303 1453 441 1512 dicendum,
459 1450 521 1516 qnod
539 1464 623 1515 corpus
642 1451 768 1516 gloriosum
790 1455 898 1506 innubit

100 1526 200 1588 sphaeras
213 1526 320 1578 coelorom
332 1524 381 1573 siue
391 1535 468 1573 earnm
481 1522 607 1584 (lirinens,
620 1535 667 1573 uon
677 1535 707 1573 ex
720 1522 747 1571 ri·
752 1525 897 1588 subtilitatis,

54 1597 64 1612 ”’
100 1597 140 1646 sed
159 1609 187 1646 er
202 1595 278 1654 diviua
293 1595 394 1656 virtute,
408 1607 458 1657 quae
479 1593 512 1644 eis
530 1593 655 1643 adnutum
673 1592 698 1642 in
718 1595 826 1647 omnibus
843 1597 899 1646 sule·

102 1666 189 1717 reniet.

133 1740 168 1789 Ad
186 1737 443 1803 pronuntiandum,
457 1736 517 1800 qnid
533 1749 564 1788 er
575 1737 621 1788 hoo
636 1737 698 1800 quot
712 1738 774 1788 neus
790 1738 900 1793 mansan

103 1815 182 1861 notum
200 1811 273 1861 aderit
287 1811 311 1860 iu
331 1810 434 1860 omnibns
445 1823 496 1873 qna
507 1810 601 1872 uolent,
612 1807 714 1874 sequitur
723 1809 785 1874 quod
799 1823 846 1862 nou
859 1825 900 1876 po

102 1885 177 1932 terunt
189 1881 274 1931 includi
286 1881 324 1931 uel
338 1879 481 1930 incarcerari.

134 1953 169 2003 sd
186 1953 289 2016 quintum
309 1951 446 2012 dicendum,
466 1951 526 2015 quod
545 1950 604 2002 siout
614 1950 702 2002 'linitur
715 1951 740 2001 iu
754 1952 783 2001 tv
800 1953 896 2018 Ptyete.

102 2025 173 2090 (text.
190 2026 244 2087 tl),
260 2039 274 2071 u
285 2025 371 2085 puncto
385 2034 431 2072 uon
445 2024 553 2087 competit
566 2024 637 2074 lorus.
650 2039 665 2070 n
683 2022 767 2084 Unde,
782 2022 803 2073 si
812 2024 899 2074 dicatur

101 2109 150 2147 esse
165 2095 189 2146 iu
207 2097 267 2156 loon,
278 2095 322 2145 hoc
335 2107 381 2146 nou
395 2099 431 2146 est
443 2096 487 2146 uisi
500 2109 542 2160 per
555 2094 678 2156 arridens,
688 2093 744 2156 quia
763 2105 847 2158 corpus
860 2109 898 2144 un-

99 2167 138 2229 jus
152 2172 187 2218 est
198 2165 308 2216 asiniuus
321 2170 358 2216 est
369 2166 394 2218 iu
407 2168 467 2218 loeo.
481 2169 543 2218 Siout
556 2169 632 2218 autera
646 2169 708 2215 totns
725 2165 791 2215 loeus
804 2177 898 2230 respon·

101 2237 139 2288 det
154 2237 198 2288 toti
205 2238 309 2302 corpori,
321 2239 355 2288 ita
365 2239 476 2290 terminus
489 2239 535 2291 loni
545 2237 666 2300 respondet
674 2236 773 2287 termino
788 2237 897 2301 corporis.

100 2383 124 2430 el
137 2381 194 2430 luas
207 2381 280 2430 ineas
293 2379 410 2432 terminari
426 2382 454 2432 ad
467 2395 538 2431 unam
548 2383 667 2446 puuctum.
678 2377 708 2429 El
719 2378 784 2440 iden,
796 2379 898 2442 quamvis

100 2452 146 2502 luo
165 2464 258 2516 corpora
279 2451 427 2517 nonpossint
443 2466 494 2504 esse
510 2454 556 2502 nisi
572 2453 598 2501 iu
611 2449 710 2501 diversis
731 2451 806 2512 louis,
823 2455 897 2502 tanuen

101 2523 189 2573 duobus
204 2523 306 2574 terminis
322 2525 418 2574 laomor
434 2535 553 2588 corporum
571 2522 694 2586 respondet
711 2521 773 2571 ialam
787 2522 895 2572 terminus

101 2592 197 2644 duorum
207 2595 307 2646 locorum
317 2608 325 2655 ;
337 2598 360 2644 el
378 2594 501 2645 secundnm
511 2596 554 2644 troo
562 2593 669 2659 dicuutur
682 2591 764 2643 ultima
775 2605 893 2656 corporum

103 2677 127 2712 se
140 2666 283 2729 tangentium
298 2679 349 2717 esse
361 2665 438 2715 simul.

100 2308 218 2372 Contingit
228 2311 304 2358 autem
323 2309 418 2358 duornrn
432 2309 533 2360 locorum
546 2321 597 2358 esse
608 2319 680 2356 nunrn
699 2307 832 2370 terminum,
843 2308 899 2358 sieut
