2026 3304
274 191 305 228 nr
320 191 483 230 rnraorrrraro
499 192 657 231 mrrrrrnurs.
821 179 868 228 ιιι

63 273 156 324 muntur
168 268 237 333 juria
258 267 341 330 gradus
355 267 571 332 consanguinitatis,
586 272 675 332 oportet
694 267 755 333 qued
770 271 804 319 tot
817 267 863 318 εἰει

63 345 147 408 gradum
162 339 281 392 aldnilatis
294 342 348 404 quot
363 343 415 390 sunl
428 341 511 403 gradus
526 340 738 408 consanguinitatis.
761 341 806 392 Sed
824 345 863 390 ta-

25 416 31 424 '
63 429 126 472 men,
141 413 198 478 quia
207 411 305 463 affinitas
316 415 351 462 εει
361 411 436 462 minus
453 410 570 462 utriculum
582 413 649 476 guam
662 411 865 476 consanguinitas,

62 485 154 536 facilins
174 488 199 534 et
212 483 266 534 olim
288 493 312 534 et
327 495 389 536 nuuc
408 483 545 546 dispensatio
560 483 585 533 dt
607 484 631 533 in
646 483 743 534 remotis
759 483 868 548 gradibus

63 554 183 606 uicinitatis
202 553 271 618 qu'am
284 553 307 603 in
319 554 411 604 remotis
421 553 526 616 gradibus
540 554 759 617 consanguinitatis.

93 628 129 678 Ad
139 626 240 690 primum
252 637 307 688 ergo
320 625 453 688 dicendum,
468 625 529 689 quod
543 627 581 678 illa
593 626 708 677 minoritas
720 627 805 677 vinculi
815 627 868 678 alli·

25 689 26 720 ³
64 699 143 748 nitatis
154 699 264 760 respectu
279 698 498 760 consanguinitatis,
513 698 567 748 lacit
586 699 718 749 varietatem
738 697 763 748 in
779 709 866 762 genere

63 769 192 848 attinentia
202 807 208 829 ,
219 781 265 819 non
279 768 304 818 iu
316 770 430 832 gradibus.
445 770 473 818 llt
482 770 532 820 ideo
546 769 585 820 illa
598 770 656 822 ratio
670 783 717 820 non
728 775 762 821 est
775 769 804 820 ad
813 782 867 834 pro·

63 845 272 963 po{llrtlfflsnecundum
288 911 425 974 dicendum,
440 912 500 976 qudd
513 914 583 963 irater
594 926 641 966 uon
658 917 748 977 poterat
762 913 866 977 accipere

64 996 160 1038 uxorem
177 980 254 1031 fratris
267 983 302 1032 sai
316 982 433 1047 defuncti,
448 981 495 1034 nisi
506 984 530 1034 iu
542 997 605 1045 casu,
617 985 702 1035 scilicet
716 985 806 1048 quando
816 997 867 1036 mo·

64 1056 167 1106 aiebatur
179 1052 229 1102 sine
241 1054 319 1116 prole,
330 1057 355 1103 ut
370 1054 490 1106 suscitaret
501 1070 578 1106 semen
592 1055 655 1106 tratri
665 1070 724 1118 suo;
740 1056 801 1119 quod
812 1059 868 1106 tune

25 1179 26 1196 ἶ
64 1125 239 1189 requirebatur,
258 1127 404 1189 quandoper
419 1127 606 1191 propagationem
628 1127 705 1177 carnis
718 1127 793 1177 cultus
811 1127 869 1177 reli-

25 1239 26 1246 ,
62 1195 711 1262 gionismultiplicabatur,quodnunclocumnonlrabet.
726 1198 870 1262 Etsicpatat

64 1267 128 1332 guod
139 1279 188 1317 non
204 1267 299 1318 ducebat
308 1281 359 1318 eam
372 1269 397 1318 in
408 1283 502 1320 uxorem
517 1269 582 1334 quasi
596 1282 678 1332 gerens
690 1268 803 1334 propriam
817 1281 871 1332 per·

64 1352 155 1404 sonam,
173 1338 215 1389 sed
225 1338 290 1402 quasi
302 1340 410 1404 supplens
421 1341 534 1391 delectum
549 1340 625 1390 fratris
634 1339 679 1390 sui.

307 1569 308 1572 ,
363 1518 524 1569 radicatus
542 1519 581 1570 lX.

70 1650 157 1694 Uirium
164 1647 305 1704 corrjogc'um
315 1649 465 1690 contractum
472 1647 536 1690 irater
546 1645 630 1702 afflues
639 1646 676 1690 vel
686 1645 872 1702 corraongaairreoe

304 1719 395 1764 semper
403 1710 435 1754 stt
444 1710 614 1754 dirimendum.

96 1843 132 1894 td
151 1853 237 1891 nonum
250 1839 283 1890 sic
295 1839 425 1904 proceditur
437 1839 480 1903 (l).
491 1839 586 1890 Videtur
594 1838 653 1902 qurdd
668 1839 799 1904 conjugium
810 1839 872 1904 quud

65 1914 127 1964 inter
138 1911 220 1962 affines
229 1911 267 1960 vel
276 1910 458 1974 consanguineos
468 1913 503 1960 εει
517 1913 671 1973 contractum,
684 1923 730 1962 non
741 1923 830 1976 semper
841 1911 872 1962 sit

65 1999 107 2049 per
117 1982 246 2034 divortium
260 1982 418 2032 dirimendum.
431 1981 488 2040 Quia
500 1997 514 2029 a
526 1983 586 2044 quod
594 1982 654 2032 licus
665 1983 791 2046 conjunxit,
803 1985 872 2034 homo
960 1982 970 1999 “

66 2071 113 2108 non
128 2057 261 2120 separet.»
279 2052 334 2104 Ciam
352 2065 407 2116 ergo
419 2053 570 2103 beustacere
588 2051 727 2117 intelligatur
740 2055 801 2116 quod
816 2054 873 2104 lacit

66 2128 188 2190 Ecclesia,
207 2139 258 2190 guae
271 2125 405 2189 quandoque
419 2125 476 2175 tales
489 2124 620 2188 ignoranter
635 2124 767 2189 conjungit,
782 2123 874 2174 videtur

26 2239 32 2250 .
67 2200 129 2264 qudd
144 2199 164 2248 si
181 2199 327 2260 postmodum
348 2195 373 2246 in
391 2196 495 2246 notitiam
509 2197 600 2256 ueniat,
616 2209 661 2246 uon
680 2196 725 2248 sint
742 2193 872 2259 separandi.

25 2979 29 3249 l

98 2276 123 2320 2.
143 2270 275 2332 Praeterea,
290 2267 437 2318 favorabilius
454 2272 490 2318 est
510 2268 627 2318 vinculum
648 2265 786 2317 nralrimonii
806 2263 875 2329 quim

67 2340 176 2394 dominii.
192 2340 236 2390 Sed
246 2333 315 2391 borno
327 2351 368 2402 per
384 2339 446 2404 longi
460 2340 571 2404 temporis
583 2337 778 2403 prescriptionem
793 2335 874 2398 acqui-

68 2415 97 2464 n't
110 2409 240 2464 dominium
251 2409 279 2460 in
293 2423 318 2460 re
330 2411 397 2474 cujus
408 2423 455 2461 nou
466 2415 515 2462 eret
530 2411 646 2462 dominus.
661 2411 720 2472 Ergo
731 2421 772 2472 per
783 2403 876 2458 diutur-

68 2485 165 2536 nitatem
178 2481 292 2544 temporis
299 2481 469 2532 matrimonium
479 2482 611 2545 ratillcatnr,
621 2480 712 2532 etiamsi
724 2478 787 2544 pribs
801 2483 876 2530 ratum

68 2569 115 2608 non
129 2554 184 2604 tuit.

101 2631 127 2676 3.
143 2625 343 2688 ermenoarae
360 2623 474 2675 similibus
492 2623 565 2674 simile
578 2626 616 2673 est
628 2623 747 2688 judicium.
765 2639 778 2672 u
795 2621 839 2673 Sed
857 2621 878 2672 si

68 2696 245 2749 matrimonium
267 2699 329 2746 esset
354 2696 505 2747 dirimendum
526 2697 619 2759 propter
641 2693 876 2758 consanguinitatem,

104 2849 141 2914 (1)
157 2855 193 2898 Ex
206 2853 251 2911 W,
265 2851 346 2901 Serra,
358 2851 411 2896 dist.
422 2847 462 2906 tl,
477 2859 518 2907 qu.
530 2849 606 2910 unic,
622 2853 665 2896 art.
678 2847 703 2908 5,
715 2835 850 2906 gemiliano.
863 2841 877 2888 1

69 2921 97 2964 ει
107 2928 178 2974 seqq.
207 2961 215 2984 0
390 2937 392 2944 ·
490 2957 493 2964 ,
