1954 3314
268 173 298 208 os
314 172 449 216 oururrers
464 173 658 210 assunourturuu.
675 206 677 210 .
820 167 864 212 tlh

60 249 124 299 tione
139 251 227 302 uetare
241 247 390 310 universalis,
404 261 456 310 qnae
470 249 497 298 ad
514 247 681 310 perlectionem
691 251 796 300 harnane
810 265 864 316 spe.
944 255 946 259 ’

58 319 104 369 ciei
120 323 243 381 utrumque
264 331 342 368 sexum
366 318 478 381 requirit3
493 332 535 370 nee
553 332 582 370 er
594 332 651 370 sexu
670 319 714 370 erit
727 319 759 372 ihi
776 321 859 385 aliquis

57 391 179 450 delectus,
195 393 221 439 ut
234 403 262 439 ex
281 389 348 440 dietis
358 392 429 453 patet.

296 573 299 582 '
355 567 519 619 ARTICULUS
536 569 573 618 IV.

200 695 286 738 verim
295 705 375 737 ommes
383 697 510 750 resuryeot
519 694 546 738 tra
556 695 609 739 vitu
618 697 726 740 animali.

89 821 126 870 hd
136 822 242 882 quartum
256 819 290 868 sie
306 818 444 882 proceditur.
455 819 547 869 Videtur
565 819 625 882 quhd
644 825 763 884 resurgent
776 823 800 872 in
814 823 862 872 vita

55 890 166 949 animali,
176 893 201 938 ul
219 889 304 939 seilicet
314 892 408 940 utantur
421 894 472 942 aeto
488 891 605 943 nutritive
619 893 709 944 virtutis
723 897 746 944 et
763 907 863 957 genera-

55 965 121 1014 tiue.
149 961 207 1022 Quis
224 962 360 1012 resurrectio
381 966 458 1012 nostra
486 963 529 1013 erit
557 963 679 1016 condormis
702 965 862 1016 resurrectioni

55 1035 153 1088 Christi.
165 1033 210 1084 Sed
218 1032 319 1084 Christus
329 1033 413 1096 legitur
424 1037 476 1097 post
485 1035 675 1085 resurrectionem
687 1037 824 1098 comedisse,
837 1043 862 1086 ut

53 1108 121 1170 patet
136 1104 219 1162 loom,
237 1103 290 1166 ult,
302 1108 324 1154 et
336 1105 405 1160 Luc„
425 1104 467 1153 ult.
485 1105 545 1168 Ergo
560 1108 584 1155 et
598 1105 703 1156 homines
716 1109 769 1170 post
787 1121 861 1158 resur·

52 1177 182 1228 rectionem
199 1175 331 1238 comedent,
343 1180 367 1225 et
380 1177 458 1226 eadem
473 1176 560 1226 ratione
574 1177 722 1239 generabunt.
894 1239 895 1243 ἵ

87 1251 113 1300 2.
124 1246 250 1308 Praeterea,
261 1245 377 1298 distinctio
395 1261 493 1298 sexuum
507 1248 535 1297 ad
549 1247 718 1310 generationem
731 1247 860 1309 ordinatur,

52 1326 80 1372 et
93 1319 201 1370 similiter
210 1318 360 1369 instrumenta
372 1332 422 1382 que
433 1318 564 1368 deserviunt
574 1318 653 1369 virtuli
665 1318 786 1382 nutritivae,
799 1320 860 1372 ordi-

52 1395 141 1442 nantur
159 1391 188 1440 ad
204 1389 382 1440 comestionem:
396 1390 436 1440 sod
453 1391 521 1440 homo
538 1403 591 1440 oum
608 1389 714 1440 omnibns
731 1389 860 1454 hujusmodi

53 1465 181 1525 resurget·
192 1461 251 1523 Ergo
273 1463 349 1512 utetur
367 1460 457 1512 notibus
480 1461 571 1512 rirtntis
588 1462 725 1525 generative
743 1465 766 1512 et
788 1463 860 1512 nutri·

51 1535 118 1584 tiva.
415 1569 416 1572 ,

87 1610 112 1655 8.
128 1605 259 1662 Praeterea,
275 1603 414 1654 totnshomo
430 1603 612 1663 beatificabitur,
627 1607 651 1654 et
664 1603 790 1654 seeundhm
808 1605 858 1654 ani-

53 1688 116 1726 mam
135 1679 159 1726 et
175 1674 303 1726 *seeuodhm
317 1687 398 1738 eorpus
414 1690 420 1724 z
436 1676 476 1725 sed
492 1675 607 1726 beatitudo
624 1675 673 1725 sive
692 1675 802 1735 lelioitas,
821 1689 858 1725 se-

51 1746 156 1798 eundhm
170 1746 337 1810 Philosophum
357 1745 392 1808 (l.
406 1744 503 1802 'Ethio.,
521 1759 573 1809 cap.
590 1750 619 1795 ti
632 1746 670 1795 vel
688 1750 718 1796 te
733 1747 759 1808 l,
773 1747 798 1796 in
810 1759 859 1810 per-

52 1820 116 1869 ieote
129 1816 262 1881 operatione
277 1817 389 1868 consistit.
407 1817 467 1880 Ergo
480 1820 570 1880 oportet
581 1816 642 1880 qnod
657 1830 737 1868 omnes
747 1817 858 1882 potentie

51 1889 139 1940 anime
152 1892 179 1938 et·
193 1888 268 1938 omnia
286 1890 388 1940 membra
404 1887 489 1939 sintin
504 1888 553 1938 suis
568 1888 655 1939 autibus
669 1888 693 1938 in
711 1889 784 1942 beatis
802 1894 856 1951 post

52 1960 244 2012 resurrectionem
255 1975 262 2022 ;
274 1963 298 2010 ei
316 1960 349 2010 sio
366 1960 501 2024 idemiquod
516 1957 589 2023 priirs.
624 1956 629 1964 '

86 2037 110 2082 t.
126 2033 256 2095 erotema,
271 2033 296 2082 iu
311 2033 385 2086 heatis
401 2037 454 2098 post
472 2032 660 2083 resurrectionem
680 2033 724 2083 erit
746 2033 812 2082 beata
833 2037 857 2082 et

51 2105 167 2167 perfecta,
170 2104 314 2168 inconditam
328 2106 368 2154 sed
386 2104 440 2154 telis
449 2103 581 2168 jucunditas
598 2103 853 2154 omnes'deleetationes

50 2174 165 2238 includit3
186 2175 239 2238 quia
267 2176 383 2226 beatitudo
399 2174 539 2241 (seeundirm
560 2174 678 2237 Boetium,
702 2174 744 2224 lih.
769 2174 799 2223 lll
821 2174 858 2222 De

52 2247 194 2302 Cooeotet„
209 2251 277 2309 prose
290 2249 329 2309 2),
341 2251 378 2298 est
392 2263 406 2294 a
418 2249 490 2296 status
502 2245 605 2296 omnium
620 2245 731 2294 honorum
749 2256 859 2306 aggrega-

50 2320 118 2368 tione
127 2318 253 2381 perlectus,
262 2334 275 2364 »
285 2321 307 2368 et
315 2335 329 2366 n
336 2317 462 2382 perlectum
476 2319 513 2366 est
523 2351 530 2375 ,
540 2315 578 2364 eui
590 2314 646 2366 nihil
657 2315 737 2374 deest,
749 2329 763 2361 »
775 2327 857 2364 secun-

49 2387 107 2438 dirm
130 2387 292 2452 Philosophum
313 2388 359 2452 (V.
383 2387 506 2451 Metoph„
524 2388 584 2436 tent.
604 2389 629 2434 et
646 2385 665 2448 l.
681 2383 740 2434 clm
759 2399 813 2448 ergo
832 2386 858 2436 in

50 2463 105 2508 actu
117 2458 209 2510 virtutis
219 2460 357 2522 generatirae
374 2464 398 2512 et
409 2457 524 2508 nutritirae
535 2457 565 2506 sit
576 2469 658 2520 magna
672 2455 805 2518 delectatio,
817 2457 855 2506 ri·
919 2457 922 2461 '

49 2531 119 2580 detor
132 2530 193 2592 quod
211 2531 269 2581 tales
287 2533 352 2580 aetus
374 2531 403 2580 nd
425 2529 496 2584 uitam
517 2527 638 2576 animalem
658 2526 818 2590 pertinentes,
832 2528 857 2577 in

48 2600 126 2650 beatis
141 2603 225 2662 erunt;
241 2606 264 2652 et
277 2601 350 2651 multo
365 2600 447 2653 fortiis
460 2601 484 2650 in
497 2599 566 2660 aliis,
582 2597 710 2662 oriminis
726 2597 858 2663 spiritualia

48 2685 147 2734 corpora
163 2672 293 2722 habebunt.

80 2743 126 2793 Sed
135 2746 214 2796 mutua
227 2745 280 2806 est,
292 2743 353 2807 quod
363 2744 447 2808 dieitur
457 2742 564 2802 Metti„
574 2741 653 2792 llllll:
670 2759 683 2790 n
699 2743 727 2792 In
740 2755 856 2794 resurree-

48 2815 114 2865 tione
133 2825 209 2878 neqne
227 2815 328 2876 nubent,
343 2827 418 2878 neque
437 2814 585 2864 nubentur.»

81 2887 209 2948 Praeterea,
224 2886 339 2951 generatio
364 2886 480 2937 ordinatur
504 2887 532 2936 ad
558 2884 739 2936 subveniendum
761 2884 862 2938 delectui
