1998 3326
168 173 202 210 ua
218 173 391 212 ιιιιιιιιιιιτιι
405 175 551 216 namuurum
567 179 593 215 ur
608 177 734 216 ommam.
824 169 864 218 'toi

46 247 122 300 munio
138 261 193 301 non
207 249 293 300 debent
310 250 384 313 aliqua
398 251 560 316 impedimenta
573 253 691 318 amignmi,
706 255 853 318 queramur

45 333 156 384 munus
171 319 307 383 illegitimas
316 321 345 371 art
358 324 549 374 coutmhandum.

73 397 99 442 5.
118 393 254 452 Praeterea,
264 391 414 456 tepitimerm
424 398 448 444 et
458 395 624 460 itteptttmum
636 409 679 461 per
690 398 734 448 hoc
741 398 803 461 quot
815 404 849 450 cst

45 465 135 512 eontra
152 461 239 526 leqem
256 463 294 512 uei
309 477 355 514 neu
372 468 460 516 contre
481 466 561 530 tepem
582 467 702 528 diffaruu23
722 468 783 518 iutcr
801 481 853 533 quae

44 547 89 584 non
103 534 169 584 cedit
184 533 297 594 medium,
308 533 358 585 cum
369 537 417 586 siut
427 538 532 600 opposita
545 537 668 589 secuntum
678 538 850 592 affirmationem

44 610 69 654 et
80 606 250 668 negationem.
266 606 325 668 Ergo
339 618 384 657 non
397 612 492 670 possunt
507 622 557 660 esse
571 610 647 674 aliqua
660 609 796 662 matrimonii
807 611 851 662 im·

44 675 196 739 pedimenta,
214 675 298 739 quihus
313 690 417 741 persona
434 678 516 732 metire
536 681 596 732 inter
609 679 721 744 legitimas
737 684 760 731 et
777 682 850 746 iticgi·

44 746 111 796 timus
125 747 313 797 constituantur.
856 805 861 811 ,

73 823 98 867 6.
113 818 249 881 Praetarea,
266 818 398 882 conjunctio
410 820 453 870 riri
467 825 490 872 et
505 821 605 872 mulieris
622 835 668 872 nou
680 825 715 874 est
726 823 852 880 imitamini

44 890 67 938 in
82 889 249 938 matrimonio.
264 887 309 939 Sed
331 889 406 940 omnis
425 891 558 956 conjunctio
579 891 656 943 itticita
680 893 756 944 dirimi
773 889 860 944 debet.'

43 960 102 1023 Ergo
122 959 142 1010 si
161 959 253 1022 aliquid
274 961 442 1012 matrimonium
465 965 642 1014 contrahendum
662 964 783 1029 impediat,
807 967 850 1017 huc

44 1031 136 1082 dirimet
154 1031 344 1083 contractumnc
359 1031 433 1096 tantm
445 1037 467 1084 et
483 1035 516 1085 sic
533 1048 580 1086 uon
594 1035 679 1086 debent
690 1035 766 1099 aliqua
782 1035 851 1100 impe·

45 1103 147 1153 nimenta
162 1103 311 1153 matrimonio
329 1105 441 1167 assignari
458 1120 508 1170 qua
521 1107 646 1171 impediant
658 1109 844 1172 contrahendum,

45 1180 66 1224 et
78 1187 129 1224 uon
145 1173 260 1224 dirimant
275 1179 423 1226 contractum.
505 1199 509 1206 ·

72 1251 98 1294 n,
111 1247 248 1306 Fraterno,
261 1246 324 1295 nuttc
338 1245 501 1310 impedimento
517 1252 593 1312 potest
608 1249 659 1299 tre
675 1248 747 1312 atiquo
769 1263 847 1301 remo-

46 1319 91 1368 reri
105 1319 171 1381 quod
192 1316 218 1366 iu
234 1315 366 1367 definitione
381 1317 454 1382 ipsius
464 1319 532 1369 uadit.
552 1321 596 1370 Sed
607 1315 847 1372 iuffirisibititascadit

45 1388 66 1438 in
81 1387 227 1439 definitione
239 1387 387 1438 matrimonii.
400 1388 457 1453 Ergo
466 1403 513 1441 non
523 1394 621 1455 possunt
631 1403 682 1442 esse
695 1390 861 1456 atiumimpe-'

47 1461 148 1510 timent-a
159 1471 215 1522 que
238 1459 406 1518 matrimonium
420 1464 559 1514 contractum
570 1461 684 1512 dirimant.

74 1535 100 1580 8.
118 1531 169 1581 sed
187 1531 281 1591 contra,
301 1529 392 1580 uidetur
406 1531 465 1593 quod
479 1533 577 1584 debeant
594 1545 645 1584 esse
667 1532 755 1584 infinita
773 1533 860 1584 matri·

47 1601 119 1652 nonii
134 1598 314 1664 impedimenta.
328 1601 385 1659 Quin
398 1601 564 1654 matrimonium
578 1604 689 1667 ιιιιιιιι
704 1604 787 1655 honum
807 1609 860 1656 est.

48 1672 87 1722 Sed
102 1669 209 1722 infinitis
224 1670 297 1720 modis
310 1675 345 1722 est
357 1673 461 1724 deiectus
477 1674 548 1734 boui,
561 1677 587 1724 ut
599 1674 655 1724 dicit
671 1674 761 1737 itioups'.
765 1687 791 1724 us
808 1675 859 1724 iV.

48 1755 95 1807 cap.
111 1745 151 1792 De
167 1741 444 1807 murmurmurmur
461 1744 550 1796 inimita
564 1748 617 1798 sunt
628 1743 790 1808 imperiumn
804 1757 854 1794 ma-

17 1831 18 1838 *
47 1814 158 1864 musonii.

76 1890 100 1934 9.
117 1887 250 1945 Praeterea,
266 1882 428 1946 impedimenta
449 1885 589 1938 matrimonii
611 1885 754 1951 accipiuntur
767 1899 860 1942 setun

49 1957 100 2006 tim
122 1954 274 2006 munitiones
289 1953 457 2017 particularium
477 1970 633 2019 personarum.
646 1959 689 2008 Sed
708 1957 857 2010 conditiones

49 2025 184 2092 hujusmodi
201 2029 258 2076 suut
271 2019 374 2076 intinitae.
389 2028 448 2090 Ergo
464 2032 488 2078 et
501 2027 636 2080 matrimonii
652 2027 822 2091 impedimenta.
853 2049 859 2056 ·

78 2101 250 2163 (Communem.
262 2123 294 2134 -
308 2097 444 2148 Matrimonii
459 2097 622 2162 impedimenta
639 2111 690 2163 qua
706 2097 794 2148 tantum
816 2111 858 2153 ιιι

50 2168 165 2218 lemnitati
191 2167 325 2217 sacramenti
349 2174 491 2232 repugnant,
510 2173 535 2222 ut
558 2169 664 2221 Ecclesiae
685 2167 807 2234 prohibitio
829 2171 859 2224 etr

50 2244 139 2303 tempus
155 2238 267 2288 feriatum
274 2273 283 2299 ‚
294 2237 461 2292 matrimonium
472 2239 649 2290 contrahendum
660 2238 797 2302 impedium,
812 2237 859 2292 seir

52 2313 195 2361 contractum
207 2321 255 2358 nnn
271 2309 394 2373 dirimunt3
405 2323 455 2372 qua
466 2311 521 2360 uero
533 2309 640 2363 essentia
654 2308 790 2360 sacramenti
798 2320 860 2360 ιιι

51 2383 117 2432 traria
134 2384 211 2440 suut,
228 2384 254 2430 ut
271 2393 346 2442 error,
365 2381 481 2444 conditio,
494 2386 585 2444 uotum,
603 2381 728 2445 cornutio,
747 2379 859 2436 crimen..

53 2452 121 2502 mtuts
143 2451 285 2515 disparitas,
304 2450 355 2512 ris,
371 2451 440 2512 ordo,
461 2451 574 2514 ligamen,
595 2454 700 2504 honestas
715 2453 738 2502 et
756 2451 859 2502 rotundi

55 2520 202 2586 inpotentia,
218 2521 287 2571 etiam
301 2526 440 2573 contractum
454 2521 592 2584 dirimunt.)

79 2595 221 2657 Responueo
236 2593 372 2651 dicundum,
392 2592 478 2655 quoti
473 2607 495 2642 ιι
517 2593 658 2644 matrimonio
679 2597 732 2644 suut
752 2593 862 2656 quatum

54 2677 98 2726 uua
120 2670 179 2716 sunt
200 2665 230 2714 tle
252 2663 353 2714 essentia
371 2663 523 2724 matrimonii,
537 2668 561 2714 et
578 2665 681 2726 quadarn
695 2678 747 2728 uun
764 2667 817 2714 sunt
830 2662 861 2718 tio

54 2736 198 2788 solemnitate
220 2735 286 2799 ejus,
304 2734 363 2784 sicut
378 2735 423 2784 ιι·
418 2748 442 2784 ιι
456 2735 506 2786 aliis
520 2737 676 2786 sacramentis.
695 2737 721 2786 tt
735 2735 805 2797 qnia,
821 2744 862 2782 re

55 2809 116 2859 nous
131 2809 170 2860 his
187 2822 242 2873 qua
257 2810 313 2856 sunt
328 2805 357 2856 de
376 2805 520 2856 solemnitate
533 2806 598 2868 ejus,
613 2806 672 2858 sicut
683 2807 725 2859 et
719 2819 743 2856 ιι
755 2804 806 2854 eliis
820 2813 860 2852 ιι

58 2881 185 2944 minentis,
201 2880 279 2930 adhuc
304 2880 383 2926 munet
400 2889 477 2928 verum
496 2879 674 2937 sacramentum,
689 2877 740 2934 ideo
760 2858 862 2934 impeti-,¹
