1954 3314
135 152 185 200 ddi
266 163 464 215 adremmon,
478 164 572 210 oum.
587 165 677 215 amr,
692 164 749 204 tra¹
765 166 792 203 rr.

163 239 325 304 (Corouuero.
338 267 370 278 -
382 239 440 290 ddur
458 239 497 290 lor
511 252 540 291 ex
553 239 654 292 eaaeutia
667 251 708 290 aaa
721 242 776 290 nata
787 238 819 290 eit
831 249 926 292 morere

135 307 256 371 risum,et
271 310 335 360 risos
350 308 476 362 meandum
493 308 642 362 substantiam
656 319 720 360 ruam
729 307 838 359 natuaait
851 308 929 372 perei-

134 391 189 442 pere
202 381 284 442 torem,
295 379 376 439 merito
384 380 530 430 asserendum
543 381 579 430 eat
589 377 713 430 claritatem
722 377 824 442 corporis
834 377 928 442 poderi

134 450 265 502 naturaliter
281 449 309 500 alr
322 449 387 500 oculo
402 460 449 500 rou
463 448 564 512 glorioso
575 447 650 500 rideri
659 448 757 512 poseo.)

164 519 301 583 lteapoudeo
313 518 446 582 dicendum,
458 517 520 584 qood
534 519 627 582 puidam
642 518 750 570 dixerunt
762 517 824 582 qudd
837 518 929 570 claritas

134 591 235 653 eorporis
254 588 345 654 sslorioai
360 600 407 639 non
425 590 510 652 poterit
523 587 597 640 rideri
613 589 642 639 alr
660 587 727 639 oeuio
747 597 794 639 nort
809 587 928 650 glorioso,

133 659 180 712 rtai
193 658 253 710 tortd
269 656 464 723 permiramtum.
477 658 637 710 maumam
649 657 866 722 praetumidi
878 658 928 710 ola-

133 727 187 778 rilra
199 727 238 778 illa
248 725 364 791 equirood
377 724 560 792 diaeretor3puia
570 724 759 790 lux,aeoarrddm
771 726 796 778 id
805 726 869 791 quod
880 731 928 789 eet,

132 801 187 850 mata
203 800 240 848 est
254 809 345 850 mouera
364 799 454 860 riaum;
468 799 493 848 et
509 796 590 862 dara,
609 795 734 851 umatum
750 797 775 850 id
792 796 856 862 quod
871 801 928 858 eat.

132 870 201 920 ratur
215 870 252 920 est
266 867 381 932 percipere
395 867 485 930 lueem;
502 865 563 921 eierat
578 879 668 920 aarum
679 879 707 918 aa
724 866 796 920 umet
811 867 841 918 ad
856 867 928 920 iulet·

133 937 232 1000 lectum,
241 939 266 988 et
275 937 365 991 donam
374 937 403 990 ad
411 936 528 990 adrerum.
537 938 612 1000 liade,
621 936 642 989 ri
651 937 803 1002 aeretaltrpule
811 939 875 990 rhua
885 938 928 1002 oui

133 1018 179 1059 noo
195 1009 275 1070 poreet
293 1007 408 1073 percipere
422 1007 521 1072 aliquam
538 1007 611 1061 luoem
624 1009 733 1071 omuino,
747 1008 784 1060 uel
800 1007 840 1058 ille
858 1008 927 1060 rina

133 1075 244 1130 dioeratur
259 1077 383 1141 aquirere,
400 1077 439 1130 rei
451 1077 491 1130 tux
504 1077 543 1130 itta
557 1078 637 1142 :quod
651 1089 699 1132 uon
711 1081 788 1143 pateat
801 1077 827 1128 ir
839 1090 926 1144 propo-

131 1145 178 1196 eito
189 1145 236 1198 dioi
243 1162 253 1211 ς
260 1147 314 1210 quia
322 1146 356 1198 aio
362 1182 372 1209 ‚
381 1159 422 1212 per
429 1147 476 1200 hoo
483 1146 544 1210 quod
554 1139 660 1200 diemtm
671 1147 874 1212 glorlouaoorporr
885 1148 924 1200 lu·

131 1219 185 1269 tura
202 1227 252 1270 aare
273 1217 364 1281 lueida,
378 1217 436 1270 diluit
457 1217 524 1271 uobis
542 1216 711 1282 rodmaretrrr
728 1217 789 1270 aieut
811 1230 854 1281 qur
869 1217 926 1270 dieta

132 1295 212 1336 mrem
228 1298 279 1338 ease
291 1289 317 1339 ir
330 1285 401 1351 coto,
415 1285 473 1339 mitrii
486 1285 588 1338 uotileat
597 1285 621 1338 ei
637 1287 679 1351 oui
691 1298 738 1342 noa
750 1289 814 1342 uerit
825 1287 872 1342 alai
885 1301 924 1342 ‹aa›

131 1357 237 1420 namqui
251 1358 287 1409 eet
300 1356 393 1408 animal.
402 1355 432 1406 Et
441 1356 494 1408 ideo
508 1356 626 1409 dioeadum
639 1363 675 1408 eat
690 1356 751 1421 quod
762 1357 855 1410 matra
869 1370 923 1411 eor-

131 1425 194 1489 poris
212 1426 305 1491 gloriosi
316 1427 447 1480 aalmaliter
463 1425 493 1478 ab
508 1427 574 1478 oouto
587 1438 633 1480 non
646 1427 744 1491 ptorioao
756 1426 827 1480 rideri
836 1431 924 1492 potem.

162 1495 196 1547 td
208 1497 306 1562 primam
316 1508 370 1561 ergo
382 1494 512 1559 dimotum,
520 1496 581 1561 qadd
590 1497 668 1560 pluria
677 1497 771 1551 amar
776 1497 922 1552 erit-altaria·

131 1567 223 1630 aenaria
239 1565 307 1632 quim
325 1567 415 1620 claritas
432 1572 518 1620 natura
529 1571 638 1631 ouaumm
656 1567 685 1621 ad
698 1579 805 1627 motam.
819 1568 861 1622 aad
876 1581 921 1620 rou

131 1640 241 1702 quantum
252 1638 282 1691 ad
295 1639 403 1703 speeiem.
418 1637 493 1700 Unda,
504 1635 661 1693 rioatoiaritaa
671 1639 757 1696 mature
771 1635 922 1704 rationarpe·

132 1707 176 1760 etei
189 1721 236 1762 aua
251 1713 287 1762 eat
298 1709 467 1774 proportionata
480 1708 589 1770 uiautita
601 1711 625 1762 tt
634 1706 726 1762 daritm
736 1707 843 1772 alaim

163 1780 200 1831 ld
210 1780 335 1832 amandum
347 1779 483 1844 urendum,
494 1780 555 1849 quod
567 1777 628 1830 siout
642 1789 725 1842 eorpus
737 1778 861 1841 riorioaum
876 1789 921 1832 uou

130 1853 207 1914 potest
225 1849 274 1912 pati
292 1850 375 1913 aliquid
387 1863 503 1914 poterone
524 1852 639 1911 autera-m,
656 1847 697 1900 aad
715 1847 789 1904 rorum
806 1850 922 1914 unitate

130 1920 225 1970 animm
229 1933 239 1981 ;
249 1919 282 1969 ita
294 1922 318 1970 et
325 1921 463 1983 proprietate
475 1920 551 1982 glorie
559 1929 605 1972 uon
618 1917 720 1982 ariamiri
729 1919 818 1972 aetioue
831 1920 919 1974 nimo„

131 1989 230 2042 cariae
247 1991 322 2040 auom
343 1988 434 2041 intenae
446 2001 493 2040 raon
511 1988 606 2042 odeudt
616 1989 739 2050 rieum‚iu
751 1995 860 2052 mmmm
874 1989 921 2056 apii

129 2060 228 2110 uotiooe
240 2061 348 2116 animm:
361 2058 402 2110 rod
417 2058 541 2112 eeounddm
553 2060 598 2112 lroo
614 2058 687 2122 magia
702 2059 808 2112 delaetat
821 2059 920 2116 merda

129 2134 206 2182 aotam
224 2130 248 2180 iu
262 2133 373 2193 quamtum
382 2130 430 2192 epit
443 2131 540 2182 actione
550 2135 662 2187 notura,
676 2129 831 2184 mieltoioudo
842 2131 919 2186 etta

129 2201 240 2254 uoluendo
248 2211 360 2263 organum
372 2198 449 2262 aras,
458 2203 483 2250 et
495 2200 645 2264 dispropaodo
656 2199 748 2264 spiritua
758 2215 766 2251 ι
775 2203 802 2254 et
812 2201 864 2256 ideo
874 2203 918 2254 rh·

127 2271 183 2323 ritae
191 2269 290 2334 eorporia
298 2268 400 2333 plorioai,
413 2270 517 2330 ouamaia
525 2270 621 2324 exoedat
629 2270 755 2324 claritatem
765 2270 833 2335 eolla,
843 2275 919 2326 tanta

130 2339 158 2396 da
170 2342 206 2392 roi
218 2343 298 2395 natura
313 2352 361 2392 ueu
370 2339 468 2393 odendit
478 2341 562 2404 doum,
573 2341 613 2396 aad
623 2341 744 2403 demutoota
753 2344 848 2406 proptor
860 2345 919 2407 prod

128 2411 219 2465 elaritm
232 2409 270 2462 illa
283 2415 425 2475 eomparatur
433 2411 530 2465 claritati
542 2411 653 2476 lespiam,
667 2412 752 2476 apoc..
763 2411 825 2470 dlxi.
839 2425 864 2464 r.
878 2417 918 2468 lt.

158 2480 193 2532 td
211 2481 302 2532 tertium
319 2481 455 2544 dicendum,
466 2481 526 2547 dudd
537 2482 629 2536 olarttaa
641 2481 742 2546 corporis
755 2482 849 2544 plonoaa
861 2495 918 2548 pro-

128 2551 191 2602 uenit
201 2563 230 2602 ex
242 2551 323 2605 merito
337 2551 469 2603 voluntaria.
488 2551 516 2602 dt
529 2551 580 2602 ideo
592 2551 702 2611 uoluntati
718 2551 826 2606 mtdotm
841 2557 867 2604 ul
878 2565 918 2606 eo-

128 2621 225 2673 oaudum
239 2622 290 2687 eiua
304 2621 423 2687 imperium
436 2621 539 2674 rideatur
555 2622 591 2671 rel
605 2619 918 2674 praememoratam

127 2695 239 2756 potestate
252 2694 352 2758 corporis
366 2691 459 2757 gloriosi
475 2691 518 2742 erit
530 2690 649 2744 ostendere
666 2690 793 2744 olaritatem
806 2703 873 2746 suan
883 2693 919 2748 rai

128 2761 247 2814 ooorltaro.
261 2763 290 2815 Et
302 2763 350 2814 hate
367 2761 411 2814 tuit
426 2761 503 2828 opinio
518 2761 671 2826 Praepoaitiui.
