1980 3320
139 172 168 231 b‘b
285 183 486 242 surruuu‘nnruu,
504 185 597 237 oumsr.
614 193 680 241 sura,
697 193 753 231 aar.
772 194 788 230 r.

139 269 191 320 dbm
208 268 403 334 conjunctionem.
414 269 461 318 llos
476 272 551 319 autem
562 267 587 318 tlt
595 281 637 333 per
648 269 825 332 matrimonium,
840 271 866 320 ut
875 274 944 334 patet

141 341 239 400 Geries„
257 341 277 390 ll
292 354 298 388 :
317 355 331 386 o
344 340 417 390 Erunt
427 339 471 390 duo
484 340 508 389 in
519 351 586 390 earne
602 353 656 390 una.
675 357 689 390 o
704 341 763 406 Ergo
774 339 947 392 matrimonium

141 415 176 464 est
189 412 310 474 ingruere
325 411 502 476 conjunctionis.

176 485 328 544 (Cumauam.
342 483 545 534 -ltlatrimouium
560 483 691 548 conjunctio
703 485 806 548 quadam
817 487 852 536 est
864 483 948 537 viriet

141 551 233 617 uxoris,
253 553 361 603 adunam
379 554 547 618 generationem
561 559 584 606 et
600 555 671 620 prolis
685 556 857 618 edomationem,
876 557 900 607 et
915 558 948 608 ad

142 637 210 674 uuam
224 623 294 674 vitam
305 625 475 690 domesticam.)
566 673 568 678 .

172 696 307 760 Respondes
316 696 454 760 dicendum,
468 696 529 760 qubd
543 697 674 763 conjunctio
689 697 850 749 adunationem
860 693 949 762 quam-

143 767 194 818 dam
215 767 336 832 importat;
351 769 412 820 uude
430 769 567 836 ubicumque
582 773 617 821 est
634 769 741 820 adunatio
758 768 898 833 adquorum,
912 769 950 820 ibi

143 843 179 890 est
195 839 271 903 aliqua
289 839 429 904 conjunctio.
445 841 478 891 lla
497 846 573 892 autem
592 855 642 905 qum
660 841 793 892 ordinantur
810 841 838 890 ad
853 839 951 904 aliquod

143 923 223 971 uuum,
240 911 345 961 dicuutur
355 912 380 961 io
388 911 468 963 ordine
478 913 506 962 ad
517 911 573 962 illud
583 911 685 975 adunari,
695 911 753 962 sieut
763 911 828 960 multi
840 909 951 964 nomines

144 982 273 1032 adunantur
287 983 314 1033 ad
329 995 397 1034 uuam
413 981 516 1033 militiam
530 984 568 1034 rel
580 982 756 1047 negotiationem
777 983 949 1047 exequendam,

145 1067 175 1104 ex
191 1067 235 1117 qua
244 1053 349 1105 dieantur
357 1055 542 1104 commilitones
551 1055 580 1105 ad
593 1055 701 1118 inuicem,
710 1054 748 1105 uel
758 1054 820 1104 socii
831 1055 951 1115 oeqotia·

147 1126 232 1176 tioor'u.
247 1127 276 1176 Et
293 1127 359 1189 ideo,
374 1125 425 1178 eum
443 1139 484 1190 per
499 1127 667 1178 matrimonium
682 1125 814 1177 ordinentur
831 1124 903 1188 aliqui
918 1128 950 1178 ad
972 1141 979 1154 ¹

145 1209 214 1247 unam
227 1198 399 1258 generationem
411 1199 435 1248 et
444 1199 603 1250 educationem
612 1197 697 1262 prolis,
707 1200 730 1248 et
741 1197 824 1248 iterum
836 1197 864 1247 ad
873 1211 950 1249 uuam

145 1267 216 1320 uitam
229 1267 387 1331 domesticam,
401 1268 556 1332 constatqudd
570 1269 594 1318 in
604 1268 747 1318 matrimonio
759 1271 795 1318 est
806 1267 880 1338 aliqua
889 1280 950 1320 eon-

145 1337 250 1401 junetio,
265 1337 398 1391 seeundum·
408 1352 475 1404 quam
493 1340 574 1390 dicitur
588 1339 700 1389 moritus
714 1343 738 1390 et
756 1353 830 1390 uuor.
852 1340 881 1390 nt
894 1339 951 1392 talis

145 1411 290 1474 ¹conjunctio,
305 1411 452 1474 exboequbd
467 1412 598 1461 ordinentur
611 1412 638 1460 ad
652 1409 737 1474 aliquid
746 1415 834 1473 uuum,
847 1413 882 1462 est
895 1423 950 1462 ma·

146 1480 293 1545 trimonium;
308 1481 440 1546 eonjuoetio
457 1485 532 1532 autem
547 1494 665 1546 corporum
677 1483 701 1533 et
717 1479 845 1532 animorum
857 1481 886 1530 ad
897 1493 953 1532 ma·

145 1549 276 1601 trimonium
292 1552 446 1616 consequitur.

180 1622 214 1672 dd
229 1621 327 1686 primum
342 1637 396 1688 erqo
409 1623 545 1686 dicendum,
561 1624 622 1688 qubd
635 1623 803 1675 matrimonium
817 1627 853 1674 est
863 1623 951 1676 vineu-

142 1693 248 1758 tumque
260 1693 360 1759 ligantur
370 1697 502 1760 formaliter,
514 1709 561 1748 uon
572 1696 687 1748 effective.
697 1697 725 1746 dt
734 1696 785 1748 ideo
797 1709 843 1747 oon
857 1702 954 1760 oportet

149 1763 210 1827 qudd
225 1765 324 1818 sitaliud
339 1767 352 1818 a
369 1766 537 1831 eorrjunettoue.

145 1853 147 1858 ¹
181 1836 349 1886 sesecundum
365 1838 498 1900 dieeodum,
508 1837 577 1902 qubd,
589 1837 693 1900 quamvis
707 1839 757 1902 ipsa
769 1837 848 1890 relatio
862 1851 909 1890 nen
918 1841 956 1893 -sit

147 1906 258 1970 ¹sensibile
271 1909 386 1972 accidens,
397 1913 473 1959 tameo
490 1923 564 1960 cause
577 1909 628 1974 ejus
638 1913 733 1974 possunt
751 1923 802 1960 esse
818 1909 953 1963 sensibiles.

146 1973 197 2029 ltee
208 1977 231 2027 in
247 1982 388 2030 sacramento
399 1979 520 2043 requiritur
532 1980 591 2044 qubd
607 1980 637 2032 'sit
651 1981 757 2032 sensibile
769 1979 824 2031 illud
835 1983 896 2045 qued
913 1988 954 2035 est

149 2065 190 2099 res
204 2055 227 2101 et
237 2055 440 2114 sacramentum
454 2053 499 2102 boe
508 2053 569 2104 euim
582 2053 648 2104 modo
661 2053 766 2104 sehabet
779 2053 803 2102 in
821 2055 864 2104 boe
874 2065 956 2104 saera-

144 2125 229 2173 'mento
242 2123 350 2187 praedicta
361 2122 499 2185 conjunctio.
509 2124 553 2174 sed
563 2123 632 2174 verba
641 2123 792 2188 exprimentia
801 2137 954 2192 eonsensum,

150 2205 201 2256 quaa
218 2197 271 2244 suot
283 2197 470 2244 sacramentum
487 2194 575 2245 tantiam
589 2199 612 2246 et
628 2207 694 2246 eausa
710 2195 823 2260 predicte
836 2195 954 2258 coujunc-

149 2264 233 2330 tionis,
249 2269 303 2316 sunt
314 2263 440 2316 sensibilia.

182 2337 215 2386 ld
229 2336 320 2388 tertium
331 2335 461 2398 dicendum,
476 2337 536 2401 qubd
548 2337 628 2389 relatio
642 2337 748 2390 tundatur
763 2338 787 2388 in
800 2339 876 2403 aliquo
889 2339 956 2392 sieut

149 2406 174 2474 in
185 2419 261 2472 causa,
277 2406 435 2459 utsimilitudo
448 2409 605 2472 inqualitate,
621 2413 644 2459 et
656 2409 681 2458 in
693 2410 769 2474 aliquo
783 2410 842 2460 sieut
856 2409 880 2459 iu
894 2411 954 2462 sub'-

145 2479 224 2544 jecto,
237 2482 262 2529 ut
272 2479 296 2528 iu
306 2478 364 2544 ipsis
377 2478 504 2541 similibus3
515 2483 538 2530 et
547 2493 576 2531 ex
589 2483 684 2544 utraque
695 2484 758 2545 parte
771 2484 847 2546 potest
860 2483 954 2535 attendi

150 2553 226 2601 unitas
240 2553 263 2601 et
276 2550 396 2602 diversitas
407 2551 487 2616 ipsius.
504 2551 562 2611 daria
576 2563 629 2614 erqo
641 2551 665 2600 iu
685 2552 832 2603 similitudme
850 2564 897 2602 uun
915 2559 956 2606 est

150 2624 228 2674 eadem
237 2621 333 2688 qualitas
346 2637 450 2686 numero,
460 2623 498 2674 sed
508 2621 584 2686 speeie
600 2623 824 2688 (inutraquesimiti,
835 2624 955 2677 etiterum

140 2693 254 2758 ‘subjecta
272 2691 427 2746 similitudinis
446 2697 499 2746 sunt
517 2695 561 2745 duo
580 2705 689 2755 numero,
704 2699 727 2746 et
749 2693 854 2745 similiter
873 2698 910 2748 est
922 2696 955 2749 de

150 2764 298 2832 equalitate).
314 2766 367 2817 ideo
378 2770 401 2816 et
415 2764 531 2830 equalitas
542 2769 564 2816 et
575 2764 699 2817 similitudo
709 2766 815 2816 omuibus
829 2765 902 2817 modis
916 2773 957 2820 est

147 2833 194 2884 alia
204 2845 298 2888 numero
313 2837 336 2888 in
347 2839 442 2902 atroque
453 2833 561 2890 slmllium
574 2839 597 2886 et
608 2836 737 2900 equalium.
748 2835 793 2886 Sed
804 2837 883 2888 amatio
897 2851 952 2902 quae

151 2912 187 2956 est
203 2907 387 2972 matrimonium,
404 2919 434 2958 ex
455 2919 500 2958 uua
519 2909 582 2970 parte
598 2908 666 2960 habet
683 2907 795 2960 unitatem
813 2907 951 2973 inutraque
