1966 3304
244 212 291 282 'ne
307 243 409 282 nuncxrs
426 243 591 293 nnnnruonro,
609 243 661 282 urc.
815 224 862 280 inc
916 207 921 218 ⁸

57 319 140 370 nistret
153 320 292 384 generativee
302 359 308 384 ,
319 321 364 372 nisi
378 318 432 372 iliud
450 321 509 384 quod
523 320 655 384 superfluit,
669 319 696 370 ad
711 319 863 371 conservatio·

56 403 110 442 nem
128 391 232 456 invidui3
245 391 299 455 quia
312 391 349 442 hic
363 395 398 442 est
413 393 467 443 ordo
482 391 606 453 naturalis,
621 396 646 442 ut
657 391 720 458 prids
734 392 821 456 aliquid
839 391 862 441 in

55 463 135 526 seipso
158 462 307 527 perficietur,
320 467 343 514 et
361 463 505 528 postmodum
525 461 589 514 alteri
610 464 637 515 de
664 463 806 530 perfectione
823 475 864 514 suu

53 533 219 594 eommunicet.
239 535 286 584 Hoc
305 533 375 584 etiam
395 531 450 586 erdo
461 534 578 585 charitatis
593 533 677 598 hebet,
689 548 740 600 quae
758 538 863 584 naturam

53 605 155 670 perficit.
170 607 198 656 nt
211 604 263 656 ideo
275 644 281 667 ,
293 604 343 655 cim
365 607 460 657 uxorin
478 607 526 656 viro
540 609 674 669 potestatem
694 619 741 658 non
763 607 860 669 habeut,

53 677 100 728 nisi
113 676 228 742 quuutdnn
247 677 275 726 nd
289 677 442 740 generativam
457 678 580 738 virtutem,
596 690 640 726 non
655 681 732 728 cutem
749 677 862 741 ouantium

54 749 82 798 ad
97 762 125 800 ea
139 762 192 813 quae
203 748 294 798 suntad
306 749 502 800 conseruationem
514 747 625 800 individui
638 748 755 814 ordinata,
771 749 807 799 vir
823 753 863 800 tc-

54 823 123 870 uetor
144 819 213 870 uxori
234 818 337 870 deditum
354 819 446 870 reddere
468 819 492 869 in
515 819 552 869 his
568 833 618 884 que
638 821 666 872 cd
689 819 861 886 generationem

53 890 125 954 proin
142 893 267 955 spectent3
285 889 348 940 sanct
363 885 441 942 tamen
453 890 518 955 pride
532 903 635 955 persone
649 888 813 942 incolumitate.

85 964 120 1014 nd
137 963 239 1028 primum
253 975 307 1026 ergo
326 963 463 1020 dicendum,
477 962 537 1026 qudd
554 961 637 1026 aliquis
657 963 756 1028 impleus
771 962 861 1026 aliquod

52 1038 207 1098 preceptum,
221 1037 297 1098 potest
315 1034 378 1084 reddi
392 1033 500 1086 inhabilis
514 1035 542 1084 ad
555 1033 646 1097 aliquod
658 1047 748 1084 suerum
761 1033 861 1084 cilicium

53 1107 217 1172 exequendum
229 1123 236 1169 3
253 1106 313 1157 sicut
325 1106 398 1170 judex
411 1106 450 1170 qui
463 1105 579 1157 hominem
602 1107 631 1157 ad
645 1108 739 1156 mortem
752 1105 860 1156 condem-

52 1183 108 1241 nat,
123 1182 267 1244 preceptum
280 1175 399 1240 implens,
413 1177 541 1240 irregularis
552 1176 661 1228 efficitur.
674 1177 782 1227 Similiter
791 1174 860 1226 etiem

51 1249 90 1300 ille
108 1247 165 1316 qui,
178 1253 318 1314 preceptum
332 1249 443 1314 implens,
458 1249 560 1299 debitum
570 1249 647 1312 solvit,
658 1248 759 1300 redditur
769 1247 862 1312 ineptus

52 1322 80 1370 cd
95 1321 178 1371 divina
202 1321 277 1371 oiiiciu
289 1321 437 1384 exequeude;
454 1333 500 1372 nou
519 1319 579 1384 qudd
598 1319 639 1371 ilie
656 1322 720 1370 ectus
734 1319 765 1370 sit
781 1331 861 1383 pecca·

51 1396 121 1456 tem,
138 1393 180 1443 sed
194 1391 283 1442 cutione
300 1391 439 1442 carnalitatis
459 1391 521 1442 illins
535 1391 609 1442 actds.
629 1391 659 1442 Et
672 1391 705 1442 sic
717 1429 724 1453 ,
736 1389 861 1442 secundine

53 1463 114 1526 dudd
128 1462 241 1526 magister
253 1463 309 1514 dicit
321 1500 328 1524 ‚
338 1463 488 1528 Hieronymus
499 1463 600 1526 loquitur
608 1462 696 1513 teutdm
706 1463 734 1513 de
750 1461 862 1512 ministris

53 1534 164 1586 Ecclesiae
174 1535 220 1599 (1),
233 1547 281 1585 non
295 1539 371 1584 eutem
387 1537 415 1586 de
430 1533 496 1597 aliis,
511 1535 551 1598 qui
566 1538 619 1584 sunt
634 1547 675 1585 suo
687 1533 774 1598 judicio
788 1532 862 1582 relin-

54 1605 160 1668 quendi,
175 1606 230 1670 quic
247 1609 381 1670 possuntet
395 1620 423 1656 ex
439 1605 567 1656 reverentia
589 1605 714 1668 dimittere,
730 1607 754 1654 et
773 1617 802 1654 ex
822 1602 862 1653 de-

53 1679 149 1730 notione
166 1689 258 1729 sumere
275 1691 358 1743 eorpus
368 1679 469 1740 Christi,
488 1679 573 1743 absque
586 1680 691 1744 porceto.

85 1752 119 1802 nd
135 1752 261 1800 secundum
281 1751 416 1811 dicendum,
429 1751 489 1814 qndd
503 1763 561 1802 uxor
580 1763 626 1800 uon
637 1749 707 1800 tradet
725 1749 860 1812 potestatem

52 1823 77 1872 in
93 1832 178 1886 corpus
189 1821 249 1883 viri,
266 1821 312 1872 nisi
323 1821 386 1872 solut
399 1821 550 1874 consistentit
563 1827 666 1886 persone
675 1819 764 1884 ipsius,
775 1820 802 1868 ut
814 1817 861 1868 dic-

52 1899 102 1944 tum
116 1893 254 1956 eutlinde,
269 1893 289 1943 si
299 1893 358 1944 ultre
374 1893 467 1958 exiget,
478 1905 523 1944 non
536 1897 572 1945 est
585 1891 664 1957 petitio
676 1889 756 1953 debiti,
772 1890 810 1941 sed
825 1889 861 1940 in-

52 1967 115 2030 justa
132 1965 234 2015 exactio.
244 1965 274 2014 Et
287 1968 383 2028 propter
400 1966 456 2028 hoc,
473 1965 509 2015 vir
521 1977 566 2016 non
579 1966 669 2014 tenetur
682 1962 705 2013 ei
718 1961 860 2014 satisfacere.

86 2035 226 2086 intertium
246 2035 379 2098 dicendum,
392 2035 468 2098 quod,
490 2035 509 2086 si
528 2035 609 2100 aliquis
622 2035 731 2086 reddetur
745 2032 861 2097 impotens

54 2109 82 2158 ud
98 2107 201 2159 debitum
222 2106 358 2157 solvendum
365 2119 395 2156 ex
411 2117 480 2156 ceusu
494 2116 522 2157 ex
536 2105 681 2158 matrimonio
697 2107 776 2156 secute
786 2141 793 2165 ,
804 2106 860 2168 puta

53 2179 107 2229 edm
125 2178 190 2244 prius
200 2179 302 2229 debitum
312 2177 423 2242 reddidit,
439 2178 509 2229 otest
527 2177 642 2242 impotens
656 2178 684 2227 ed
697 2177 799 2227 debitum
813 2175 862 2226 soi·

54 2253 172 2313 rendum,
186 2249 282 2300 ulterius
293 2247 374 2300 mulier
388 2261 435 2300 non
445 2249 562 2313 hebetius
575 2247 686 2314 petendi,
696 2251 719 2298 et
727 2247 753 2297 iu
763 2245 862 2310 petendo

55 2323 168 2388 ulterius,
184 2337 208 2374 se
230 2322 301 2386 megin
317 2322 460 2373 meretricem
484 2321 551 2386 quim
573 2321 694 2386 conjugem
720 2317 820 2369 exhibet.
836 2318 861 2366 Si

56 2401 132 2447 auem
152 2395 258 2446 reddetur
274 2396 388 2459 impotens
402 2407 432 2444 ex
446 2393 586 2462 ulianense,
601 2393 622 2444 si
634 2391 718 2442 illaesi
733 2389 810 2449 licitu,
827 2389 861 2440 sic

88 2545 121 2608 (i)
138 2543 184 2592 Vei
195 2543 258 2600 quod
272 2541 380 2586 monime
390 2540 421 2586 od
434 2539 563 2585 ministros
572 2536 686 2584 Ecclesiae
694 2535 795 2582 videtote
806 2545 862 2593 per·-

56 2611 153 2658 unere,
169 2606 257 2664 potior
270 2605 397 2654 mimirum
408 2615 459 2648 mon
473 2603 560 2648 liecdot
571 2613 643 2648 sacro
653 2601 732 2659 officia
746 2601 767 2645 ct
777 2602 863 2656 mpetu·

56 2677 99 2723 rto
113 2671 234 2718 celebrare
248 2674 353 2726 tempore
363 2668 502 2724 conjunctis
511 2659 649 2723 amplexos,
658 2671 705 2720 qno
714 2663 787 2707 etiam
797 2673 862 2719 prm-

56 2738 136 2782 scotta
147 2733 258 2792 Spiritus
277 2731 357 2777 eoncto'
371 2743 421 2775 none
444 2729 533 2782 denter,¹
548 2729 608 2774 sicut
621 2725 755 2782 expressive
771 2723 862 2771 tuntdm

57 2801 137 2846 hebet.
159 2799 209 2844 Nec
220 2796 276 2840 uerd
294 2798 374 2852 potest
387 2793 545 2838 sacerdotibus
559 2789 644 2836 nostris
658 2788 784 2846 appticeri,
808 2785 859 2831 crim

56 2861 148 2908 uxorati
164 2871 277 2904 essenon
293 2857 406 2909 debeant;
424 2857 465 2901 sed
479 2853 589 2910 applicari
613 2852 697 2898 (trucis
712 2855 808 2908 posset,
822 2849 862 2918 qui

57 2933 112 2969 tuuc
132 2924 161 2968 ab
181 2923 293 2968 uxoribus
314 2919 430 2965 abstinere
451 2918 575 2974 iubentur,
589 2913 641 2959 edm
656 2925 681 2959 sc
705 2913 734 2956 nd
751 2916 860 2968 mysteria

58 2999 126 3034 sucre
138 2983 175 3032 uei
188 2985 217 3030 ad
229 2983 308 3030 atteris
319 2981 471 3028 ministerium
485 2977 657 3034 exsequendum
672 2975 796 3033 applicent.
