1976 3306
165 159 196 198 nr
210 157 349 198 venusiana
365 159 394 195 rr
411 157 557 198 russeuscru
573 159 745 200 nnurnronurr.
812 149 856 199 tie

33 231 151 287 modurn
164 234 193 285 ad
207 247 319 286 sumnum
329 232 691 300 malorumperreuisss301quo
703 235 815 300 contingit
827 237 853 288 iu

34 301 171 354 damaris
185 301 245 366 qudd
267 302 376 354 demereri
396 314 442 354 non
461 307 564 367 pessunt
579 303 643 355 llude
659 305 725 367 patet
745 304 805 369 qudd
823 318 852 358 er

34 375 152 439 perteue
165 374 305 424 commodum
316 385 362 424 uun
374 375 499 438 reportant.

83 444 123 494 Ad
144 442 269 494 anundum
287 443 421 504 dicendum,
434 443 496 507 qndd
515 443 545 493 ad
560 441 716 496 damnaturum
734 445 851 498 domnum

35 513 159 566 officium
172 524 218 564 non
232 512 329 577 pertinet
342 513 370 562 ad
384 513 551 564 damnationem
564 512 621 564 alios
633 515 779 577 pertrahere,
792 513 852 567 deut

34 583 155 648 pertinet
171 582 200 633 ad
222 582 321 636 elisium
345 583 486 643 daemonum
500 581 585 632 ratiune
606 583 672 646 cujus
692 584 849 650 demerentu,

35 657 166 720 quantuni
180 653 208 704 ad
226 652 380 704 secundariam
399 665 500 716 paenam.

81 725 121 776 nd
135 725 229 775 tertium
241 724 375 785 dicendum,
389 723 450 786 qudd
467 726 562 788 propter
572 725 616 775 true
630 737 676 776 nen
691 725 851 778 excusantur&

37 794 181 859 demente,
198 795 252 859 quia
266 794 424 846 necessitatem
441 794 551 859 penendi
569 795 684 859 hadent,
695 797 736 848 sed
753 799 806 862 quia
818 797 849 850 ed

37 879 168 918 summum
181 867 290 917 malarum
303 868 463 930 pervenerunt,
480 865 565 916 Tamen
581 867 706 918 necessitas
722 867 847 933 peccandi,

39 937 120 1002 eujus
134 947 203 987 causa
218 949 311 999 nuru,
324 936 444 988 excusati
460 935 539 1002 eulpa,
550 936 575 986 in
588 941 697 1000 quantum
715 941 751 989 est
770 952 850 991 neres·

39 1007 111 1061 sitas
121 1007 242 1072 quedam
253 1007 307 1070 qrda
319 1012 509 1072 nmnepecuatum
521 1011 611 1071 eportet
623 1020 674 1059 esse
688 1008 848 1063 voluntarium.

39 1080 96 1131 Sed
110 1077 173 1144 quid
183 1091 230 1130 non
247 1080 356 1140 exuunt,
371 1079 460 1128 ineest
472 1077 614 1141 inquantum
628 1077 643 1128 d
658 1078 774 1131 vuluntate
791 1094 849 1145 pre·

41 1151 150 1203 cedente
171 1149 332 1213 procerrima
346 1147 381 1198 sis
400 1150 473 1198 toturn
491 1145 625 1198 demeritum
641 1148 757 1212 sequentis
775 1151 848 1215 eulpa

40 1221 143 1274 videtur
151 1222 180 1271 ad
192 1218 286 1284 primam
299 1218 389 1283 culpam
398 1217 521 1282 pertinere.

340 1393 499 1448 nstitutus
513 1395 563 1446 tlt.
659 1417 662 1424 ’

82 1521 170 1570 Utrdsn
184 1522 293 1570 damnati
300 1522 546 1630 '’omniumrtrilfm
561 1532 634 1580 quum
646 1521 822 1569 indeantando

84 1717 120 1768 td
138 1717 260 1782 septimum
279 1715 313 1768 sie
328 1713 465 1780 proceditur.
479 1713 579 1764 *Videtur
599 1711 660 1776 qudd
681 1711 781 1766 damnati
800 1723 848 1766 nen

46 1786 143 1854 possint
155 1786 189 1837 uti
204 1785 286 1838 nstitit
297 1797 366 1850 quam
378 1785 404 1835 in
416 1785 461 1838 heu
473 1783 559 1834 mundo
578 1783 713 1836 habueruut
728 1783 754 1834 ln
769 1781 846 1834 cnun-

49 1856 171 1910 deratiune
187 1857 248 1910 enim
261 1855 362 1908 menda
371 1859 406 1906 est
416 1853 653 1906 manimadeleetatin.
663 1853 743 1906 sedin
754 1852 788 1905 eis
800 1865 846 1906 uun

50 1929 93 1978 est
107 1927 211 1990 pauenda
225 1923 442 1991 alquadeleetatiu.
455 1923 573 1986 urgerer
589 1927 687 1988 meunt
704 1923 737 1972 uti
748 1921 846 1974 scientid

49 1994 118 2062 prids
130 1996 206 2048 habital
215 1994 338 2050 aeaunddm
352 1994 448 2059 aliquam
462 1991 674 2044 considerationem.

84 2069 109 2116 t.
123 2068 248 2130 vienna,
262 2065 362 2118 damnati
376 2064 469 2116 suntin
486 2063 609 2127 majeribus
621 2063 696 2127 paenis
710 2061 779 2126 quim
799 2060 847 2114 siut

48 2134 133 2200 atique
149 2147 222 2200 paene
234 2136 304 2201 hujus
319 2135 407 2186 muudi.
421 2133 467 2184 Sed
479 2132 504 2184 iu
520 2135 564 2184 luna
581 2133 682 2195 munde,
697 2131 751 2182 duur
764 2129 846 2196 aliquis

49 2212 89 2259 est
102 2207 128 2257 iu
140 2206 244 2258 maximis
255 2205 373 2258 tormentis
389 2203 540 2266 constitutus,
549 2215 598 2254 nnn
613 2206 690 2266 petest
703 2199 846 2253 considerare

51 2277 142 2341 aliquas
159 2275 314 2340 intelligibiles
336 2273 511 2336 canelusiones‚
525 2272 650 2323 abstractus
666 2270 681 2321 d
696 2271 771 2336 punis
790 2281 846 2334 quas

48 2346 147 2413 patitur.
156 2347 215 2410 linge
229 2346 301 2396 multe
318 2343 393 2396 miuds
405 2343 431 2394 in
443 2341 540 2394 iutemu.

83 2421 108 2466 s.
122 2418 248 2480 nuere,
259 2413 359 2468 dammti
370 2416 426 2464 suut
437 2410 536 2474 subjecti
547 2410 652 2476 nuperi.
667 2410 712 2463 ssd
726 2407 844 2474 longitude

49 2487 162 2552 emporis
184 2490 220 2538 est
237 2495 306 2538 rausa
320 2482 459 2544 uulneris,
477 2483 503 2531 ut
524 2480 605 2532 dicitur
626 2481 650 2530 iu
671 2479 710 2531 lli.
732 2477 843 2542 Pinnae..

49 2561 110 2611 text.
126 2559 180 2608 iss.
194 2556 254 2620 drgo
270 2553 370 2606 daumii
381 2551 542 2604 uilnmeutur
559 2562 637 2602 earum
650 2563 702 2616 que
713 2547 752 2600 lde
766 2547 844 2601 scire·

50 2629 129 2748 runStel
149 2698 227 2749 narra
242 2698 291 2757 est,
309 2693 369 2758 qudd
385 2693 457 2750 dne..
470 2690 529 2750 llll,
541 2687 621 2740 dieitur
638 2685 702 2740 dirili
714 2686 839 2740 damnate:

53 2788 70 2820 ι
82 2767 206 2821 neuun
219 2767 273 2833 qnia
288 2766 393 2832 recepisti
407 2765 482 2830 iona,
497 2765 542 2816 etr.
560 2760 647 2828 »Eune
668 2759 843 2814 unusideraltuut

51 2853 81 2894 ea
90 2851 141 2905 qun
153 2839 191 2892 lde
210 2839 333 2892 eduum.
