1980 3320
147 149 181 196 ΕΞ
291 145 491 208 surranumrn'u,
508 157 602 201 oumsn.
617 157 690 208 xurrr,
706 157 760 195 aar.
778 158 803 195 rr.

147 245 195 286 non
222 231 282 284 tollit
306 231 446 282 matrimonii
462 231 606 295 libertatem
625 231 696 298 quia,
711 233 732 283 si
756 236 790 284 est
812 231 968 286 inhonesta

148 305 216 356 dehet
228 303 311 367 abjici3
327 304 347 353 si
362 307 437 354 autem
453 303 564 366 honesta,
579 307 619 354 aut
632 307 667 354 est
679 303 707 354 dc
722 304 788 354 bonis
802 303 968 368 simpliciter

147 378 175 426 ut
187 375 207 425 si
217 372 303 425 dicatur
317 390 323 424 ι
336 391 350 421 u
361 373 475 436 Accipiam
489 378 528 437 te,
543 374 563 425 si
577 373 652 440 placet
667 375 815 438 parentibus,
831 390 846 422 n
863 377 891 426 et
916 377 968 428 han

149 445 248 499 conditio
264 458 310 495 non
325 445 383 496 tollit
395 443 521 498 libertatem
536 444 688 510 sponsalium,
699 445 738 496 sed
753 450 821 510 auget
833 445 857 496 ci
871 447 968 498 hones

151 520 237 579 tatem;
251 518 291 566 aut
306 518 340 568 est
350 516 377 567 dc
388 516 492 575 utilibus,
508 520 534 566 ut
543 516 563 566 si
572 514 677 566 dicatur:
693 515 857 568 «contraham
868 518 968 566 tecum

151 588 172 640 si
190 586 254 638 dabis
273 586 329 640 mihi
349 590 486 652 centum3»
507 591 532 638 et
544 593 598 638 tunc
611 587 655 638 hoc
673 599 720 636 non
738 585 830 652 ponitur
847 587 930 649 quasi
950 601 967 638 a

152 659 296 710 rendendum
309 672 447 710 consensum
460 657 611 720 matrimonii,
624 659 664 710 sed
675 657 809 719 intelligitur
820 659 846 706 ut
858 659 968 722 promis

152 729 189 782 sio
207 729 279 792 dotis3
290 729 350 780 unde
363 729 531 782 matrimonium
544 729 670 780 libertatem
684 741 731 779 non
749 727 832 792 perdit.
849 729 968 788 Quando

154 813 200 864 que
213 803 289 852 autem
303 801 425 865 apponitur
441 801 540 852 conditio
551 799 654 866 pecunia
670 812 711 865 per
726 799 818 850 modum
831 811 917 862 poenae
928 799 941 863 3'
953 813 968 850 e

152 875 225 932 tunc,
242 870 295 934 quia
308 870 454 922 matrimonia
469 871 552 922 debent
565 882 616 920 csse
632 869 716 932 libera,
727 867 779 919 talis
795 867 904 920 conditio
920 884 968 922 nor

152 945 213 1005 stat,
231 954 274 993 nec
282 945 357 1006 potest
370 943 433 1007 erigi
448 956 517 1008 poena
531 942 570 992 illa
584 942 612 991 ab
626 954 653 992 eo
664 938 705 1006 qui
722 953 769 991 non
780 937 829 989 nult
838 939 966 992 matrimo

154 1013 353 1077 niumccmplcre.
849 1057 851 1060 .

186 1085 220 1136 ald
232 1085 336 1148 quintum
349 1083 480 1148 dicendum,
491 1085 552 1148 quot
562 1085 660 1136 lacobus
672 1097 717 1135 non
727 1081 824 1134 intendit
836 1083 968 1148 prohibent

155 1155 218 1220 quod
235 1156 329 1208 omnino
346 1155 428 1220 aliquis
445 1156 531 1206 nullam
548 1156 724 1221 promissionem
738 1154 807 1204 faciat
820 1155 849 1206 de
862 1153 968 1218 tuturis

154 1229 195 1280 sed
215 1226 274 1292 quod
288 1240 334 1280 non
355 1228 473 1294 pmmiltat
488 1227 555 1291 quasi
568 1227 674 1278 fiduciam
690 1227 777 1278 habens
796 1226 824 1276 de
840 1225 890 1278 rita
908 1241 968 1278 sua.

155 1299 221 1350 llude
231 1299 297 1350 docet
309 1299 370 1364 quon
385 1299 452 1350 delet
461 1299 545 1362 apponi
558 1297 676 1361 conditio,
692 1314 705 1346 u
717 1297 738 1348 si
753 1298 813 1348 Deus
826 1298 968 1359 voluerit,n

155 1385 207 1436 quae
218 1369 309 1423 etiamsi
324 1369 399 1422 verbis
410 1383 455 1424 non
469 1369 616 1434 exprimatur,
629 1369 696 1422 corde
710 1372 787 1420 tamen
803 1367 872 1420 delet
885 1367 968 1420 intel-

154 1441 203 1506 ligi.

189 1513 223 1564 nd
240 1515 328 1563 sextum
340 1511 472 1576 dicendum,
488 1511 548 1576 quod
560 1511 585 1562 in
603 1510 746 1564 matrimonio
763 1514 841 1576 potest
852 1511 968 1566 conside·

158 1583 203 1634 rari
216 1583 265 1650 ipsa
281 1585 411 1649 conjunctio
426 1583 616 1644 matrimonialis,
630 1586 653 1634 et
669 1587 735 1635 actus
748 1583 808 1647 ejus.
824 1583 851 1634 Et
865 1583 967 1648 aspon-

159 1655 223 1708 sione
236 1655 303 1722 primi
316 1657 341 1706 io
356 1657 473 1718 futurum,
487 1656 569 1709 dicitur
581 1670 701 1720 sponsae,
716 1653 730 1706 l
742 1654 886 1719 sponsalibus
904 1667 965 1706 con-

157 1726 237 1778 tractis
258 1741 299 1793 pcr
321 1728 389 1778 verba
404 1731 432 1780 de
447 1729 541 1791 iutur03
555 1731 579 1778 et
595 1725 744 1791 asponsione
764 1727 857 1778 secundi
876 1725 965 1776 dicitur

158 1795 243 1859 aliquis
264 1812 385 1860 sponsus,
401 1799 468 1848 etiam
483 1797 575 1861 qnando
590 1799 730 1848 contractum
743 1799 778 1847 est
791 1795 962 1848 matrimonium

158 1880 200 1932 per
210 1867 279 1917 rerba
296 1869 323 1918 de
334 1871 456 1932 presenti,
471 1869 525 1932 quia
543 1869 626 1922 eximo
646 1866 696 1930 ipsc
708 1867 806 1930 spondet
823 1866 963 1934 matrimonii

159 1942 247 1986 actum.
260 1937 346 1989 Tamen
357 1938 371 1990 it
382 1939 455 2002 prima
471 1939 594 2002 sponsione
608 1937 712 1988 licuntur
725 1938 840 2002 sponsalia
856 1937 960 2002 proprie,

159 2013 275 2132 gunfisunt
285 2011 389 2074 quaedam
402 2011 575 2062 sacramentalia
586 2009 734 2072 malrimnnii,
744 2009 803 2060 sicut
819 2007 959 2060 exorcismus

175 2093 204 2146 ap
223 2096 276 2132 surr.

469 2187 627 2240 iuuentus
640 2189 670 2238 ll.

166 2316 252 2366 vorum
261 2321 353 2375 tempor
365 2318 522 2374 controniano
531 2317 697 2364 monumentor
704 2316 854 2373 myndam
863 2327 958 2372 monas-

437 2382 499 2426 tn'tus
512 2379 688 2426 contrahendis.

195 2511 230 2563 ld
245 2512 369 2564 secuudum
383 2511 416 2562 sic
426 2511 565 2576 proceditur.
582 2509 676 2562 Videtur
690 2509 751 2574 quid
765 2512 854 2576 tempus
866 2512 955 2574 septen·

167 2583 201 2638 nii
215 2596 262 2636 non
276 2583 306 2636 sit
315 2584 475 2636 conuenienter
484 2582 622 2647 assignatum
636 2581 780 2650 sponsalibus
793 2578 950 2634 contrahendis.

165 2655 302 2709 Contractus
314 2659 376 2709 eninr
393 2656 432 2722 qui
450 2670 491 2720 per
503 2655 560 2706 alios
573 2655 623 2706 ilcri
643 2658 733 2720 potest,
747 2665 793 2720 non
807 2651 894 2718 requirit
908 2651 953 2710 dis-

168 2728 291 2780 cretionem
302 2730 326 2781 in
339 2730 384 2781 illis
394 2731 420 2781 ad
431 2743 489 2792 quos
502 2729 611 2794 pertinet.
625 2726 670 2778 Sed
681 2727 796 2790 sponsalia
806 2725 852 2776 tieri
864 2724 951 2790 possunt

166 2814 208 2866 per
219 2806 340 2866 parentes,
355 2807 450 2866 utroque
464 2801 554 2852 illorum
565 2798 684 2863 ignorante
698 2810 793 2862 qnomm
805 2799 856 2848 aunt
866 2807 952 2864 sponsa·

163 2871 271 2940 liaAErgn
285 2875 317 2926 ita
329 2876 426 2938 possunt
438 2871 488 2923 lieri
502 2873 555 2922 ante
566 2867 724 2934 septennium,
739 2868 799 2920 sicut
810 2869 865 2932 post.
