1970 3326
114 213 144 263 ιι
250 226 448 274 suessoniensem,
467 215 561 271 onnes.
578 227 651 274 arnan,
669 226 723 265 aar.
742 226 778 263 rrr.
798 205 801 212 '

145 301 178 352 dd
198 305 301 366 quamam
320 301 454 364 dicendum,
467 301 528 364 pudd
541 301 561 352 si
579 315 677 366 sponsus
691 297 797 366 cognorit
814 313 918 351 consan-

114 373 221 436 guineam
238 385 344 436 sponse,
360 373 397 422 vel
411 371 526 434 econtra,
539 377 593 423 tono
610 372 684 423 dirimi
696 373 780 424 debent
791 369 919 437 sponsalia.

114 445 185 495 iliad
201 445 244 494 troo
261 443 402 508 probandum
420 443 467 493 sola
484 445 543 494 lama
561 443 660 505 surdelt,
675 447 769 508 propter
785 442 921 504 scandalum

115 513 243 578 vitandans
255 527 329 566 oense
340 515 402 565 enim
412 529 463 578 qua
474 515 498 564 in
508 517 609 566 futurum
620 519 740 580 expectant
751 513 921 577 edectas'suo's,

115 587 269 650 impediuntur
278 585 290 636 a
299 586 349 636 sais
363 585 497 650 effectibus,
509 599 555 638 non
573 586 645 637 solim
658 599 686 636 cr
699 597 726 636 eo
741 587 801 649 qnod
814 587 862 648 cst,
878 585 925 636 scd
956 583 958 586 ’

117 659 148 710 en
160 663 193 709 ‘eo
206 659 266 722 qnod
279 657 380 707 luterum
395 663 439 709 est.
454 659 532 721 Unde,
544 657 604 708 siout
617 657 730 720 affinitas,
746 657 766 707 si
781 661 843 707 esset
857 659 920 707 tem-

117 741 173 794 pore
195 727 325 779 contractis
340 729 492 792 sponsalium,
508 728 667 793 impedivisset
684 731 826 780 contractum
842 727 921 792 illum,

118 801 163 862 ila,
179 801 198 850 si
219 799 355 850 interveniat
376 799 563 862 matrimonium,
580 799 638 863 qood
657 803 692 850 est
712 799 807 850 elleclos
823 799 925 862 puidam

118 869 274 935 sponsalium,
289 870 351 934 prior
365 875 492 922 contractus
507 870 624 920 obelierio
634 884 676 921 suo
687 869 820 934 impeditur.
835 871 884 920 Neo
894 869 925 920 in

119 941 164 992 hoo
177 943 263 1006 aliquid
278 941 403 992 detrahitur
420 942 494 1006 alteri,
507 941 552 992 imd
564 941 585 991 ei
597 939 720 1004 consertor,
734 941 788 1005 quia
796 941 928 992 absolvitur

121 1013 150 1063 alt
165 1026 193 1080 eo
209 1013 248 1076 pul
260 1027 301 1076 per
311 1014 486 1066 fornicationem
501 1027 526 1064 se
538 1015 585 1064 lleo
601 1013 704 1064 odiosam
719 1011 824 1064 reddidit.

142 1083 187 1135 'nd
199 1083 304 1149 quintum
320 1085 456 1147 dicendum,
472 1085 533 1150 qaod
554 1083 645 1149 qnidam
662 1097 709 1135 non
724 1083 839 1148 recipiunt
850 1081 929 1132 istum

121 1167 207 1206 casnm.
230 1155 276 1206 sed
298 1159 377 1206 contra
398 1169 438 1206 eos
453 1160 488 1206 est
505 1155 629 1207 discretalis
646 1169 697 1218 qna
716 1153 823 1218 expressi
842 1151 899 1202 dicit
918 1167 927 1202 ε

124 1242 139 1274 rr
152 1227 186 1276 nd
200 1226 271 1276 instar
286 1227 381 1294 (inquit)
396 1241 473 1279 eornm
486 1227 525 1292 qui
539 1227 671 1278 societatem
684 1225 858 1290 interpositione
870 1223 930 1275 dalei

121 1298 270 1360 contrahunt,
287 1303 311 1349 et
324 1304 404 1364 postea
417 1301 518 1350 eamdem
533 1298 576 1349 sibi
598 1299 732 1360 remittunt,
745 1301 820 1361 potest
833 1297 858 1346 in
878 1309 930 1360 pa-

125 1369 205 1420 tientia
214 1370 321 1433 tolerari,
331 1371 351 1420 si
363 1370 443 1421 mnino
454 1383 478 1421 se
488 1370 617 1433 absolvunt,
627 1369 666 1434 qni
678 1367 793 1434 sponsalia
801 1371 930 1420 contraxe-

123 1443 187 1490 runt.
205 1457 218 1489 o
235 1440 318 1492 Sedad
329 1443 373 1493 lnoo
388 1443 467 1492 dieunt
480 1441 539 1505 quod
557 1441 657 1492 Ecclesia
672 1439 744 1504 magis
763 1441 808 1491 hoc
827 1437 934 1490 sustinet

124 1523 155 1562 ne
168 1512 236 1577 pejus
250 1513 354 1576 eveniat,
371 1512 440 1577 qnlm
452 1515 495 1563 lroo
509 1514 540 1563 sit
558 1514 585 1563 de
597 1513 657 1578 jure.
671 1511 714 1562 Sed
727 1513 770 1562 hoo
780 1522 826 1560 non
835 1509 933 1560 ridetur

125 1583 230 1648 exemplo
244 1585 367 1636 convenire
380 1585 440 1648 qnod
452 1584 575 1636 llecretalis
586 1583 684 1634 adducit.
697 1583 725 1632 Et
739 1581 790 1633 ideo
805 1579 932 1632 dicendum

124 1655 184 1718 qnod
199 1667 245 1706 non
263 1668 353 1720 semper
369 1661 404 1706 est
417 1656 515 1707 lenitatis
537 1657 660 1706 retractare
677 1667 728 1718 qno
750 1651 813 1717 priris
834 1653 929 1704 innata

125 1729 194 1789 sunt,
206 1727 258 1790 qaia
273 1743 287 1775 rr
298 1727 394 1779 incertae
404 1730 457 1778 sunt
470 1728 619 1792 providentie
629 1728 711 1777 nostre
721 1763 727 1788 ‚
739 1741 752 1771 o
767 1727 794 1774 nt
804 1722 887 1774 dicitur
900 1723 929 1774 in

126 1795 166 1846 lih.
179 1797 292 1862 sapient.
308 1801 373 1864 (rap.
383 1801 423 1863 9).
879 1809 882 1814 ’

158 1869 191 1918 lld
205 1873 295 1919 sentiam
311 1871 440 1935 dicendum,
450 1869 631 1936 qudd‚qoamris
646 1869 748 1920 nondum
765 1865 867 1918 dederint
881 1867 937 1922 silei

126 1938 206 1988 mctnd
219 1943 354 2003 potestatem
369 1941 468 2006 corporis
485 1939 600 2005 sponsalia
616 1941 791 2000 contrahentes,
806 1942 884 1988 tamen
898 1951 933 1990 ex

127 2011 172 2062 hoo
181 2009 311 2062 eldoinrrtur
325 2012 369 2062 sibi
382 2011 480 2063 invicem
498 2013 598 2077 suspecti
614 2015 641 2064 de
658 2024 705 2063 oon
719 2010 830 2062 servanda
844 2007 888 2058 lide
903 2009 934 2062 in

127 2079 238 2132 fcturum.
257 2083 286 2133 Et
299 2083 350 2134 ideo
368 2087 445 2148 potest
464 2084 508 2134 sibi
525 2097 650 2148 precavere
668 2096 729 2134 unns
748 2086 826 2133 contra
847 2079 931 2144 alium,

128 2153 245 2215 sponsalia
263 2153 397 2205 dirimendo.

159 2225 193 2274 nd
212 2224 333 2288 septimum
348 2225 482 2286 dicendum,
496 2225 555 2288 quod
577 2227 634 2278 ratio
655 2226 694 2276 illa
712 2228 817 2286 teneret,
832 2222 852 2273 si
866 2225 934 2273 esset

127 2294 195 2346 nnius
217 2294 310 2345 rationis
327 2297 421 2360 uterque
443 2300 579 2348 contractus.
601 2298 643 2350 Sed
664 2296 777 2348 secundos
797 2297 930 2345 contractas

128 2364 266 2417 matrimonii
288 2371 324 2418 est
337 2367 415 2418 tortior
427 2367 510 2432 primo,
524 2373 547 2418 et
560 2368 612 2420 ideo
623 2366 691 2420 solvil
701 2367 785 2432 ipsam.
846 2383 849 2392 ·

161 2437 195 2488 lid
206 2442 310 2488 octavum
320 2439 448 2501 dicendum,
459 2439 521 2504 qndtl
532 2441 636 2503 quamvis
646 2451 692 2490 non
703 2437 788 2488 tuerint
798 2448 852 2486 vera
860 2447 934 2501 spon·

129 2508 200 2570 salla,
218 2511 294 2559 tamen
307 2509 350 2560 init
364 2509 396 2560 ild
410 2510 501 2574 quidam
515 2511 656 2574 sponsalium
678 2508 765 2558 modus.
778 2509 807 2557 ot
820 2506 886 2569 ideo,
900 2519 932 2558 ne

129 2578 234 2628 videatur
252 2580 375 2643 approbare
389 2582 418 2631 ad
432 2593 505 2632 annos
518 2581 633 2643 legitimos
648 2579 758 2641 veniens,
773 2578 840 2628 debet
851 2581 933 2641 petere

129 2649 264 2700 solutionem
289 2651 427 2715 sponsalium
448 2652 534 2716 jndicio
550 2651 657 2703 Ecclesia
680 2649 822 2712 taciendam,
837 2652 933 2713 propter

130 2719 213 2771 bonnm
230 2723 368 2786 exemplum.

477 2845 580 2857 ..-
