1958 3314
131 137 178 191 sis
273 147 474 197 surmsunrrrus,
486 144 580 194 nnmsr.
594 145 664 198 sxrx,
679 143 736 185 sur.
752 145 789 184 ιιι,

133 229 201 290 niret,
215 226 261 279 uisi
272 231 299 278 nt
308 227 377 278 rebus
390 224 519 276 virentium
533 224 680 276 interessent.
689 223 735 274 ssd
744 219 875 274 secundsim

132 299 271 366 positionem
285 297 371 348 dirius
389 296 500 361 potentie
511 295 634 359 aliquando
643 295 725 346 animas
734 297 846 359 separate
860 293 878 346 b
892 310 906 346 s

131 370 284 436 receptaculis
297 381 411 432 egressu,
425 367 586 432 conspectibus
598 366 717 417 bominum
735 371 917 430 presentantur

132 443 191 494 sicot
208 440 349 506 Augustinus
362 439 388 490 in
398 439 455 490 libro
470 437 670 503 predictorum
684 437 712 488 de
731 437 809 489 Felice
823 444 906 504 marty

131 513 171 579 qni
181 511 270 563 ciuibus
283 510 377 562 Nolanis
386 509 505 560 visibiliter
516 510 634 574 apparuit,
648 508 702 559 edm
717 509 731 560 d
747 509 849 561 barbaris
860 523 915 576 opp

132 588 267 648 surrentum
281 586 306 634 et
318 582 439 634 becedam
449 582 607 648 credipotest,
620 581 682 646 quod
690 581 908 646 aliquandodamna

131 654 323 720 contingatqudd
332 654 361 704 ad
372 652 524 705 eruditionem
541 654 660 704 bominum
673 655 698 704 et
715 656 826 706 terrorem
836 655 930 717 permi¹

131 730 211 777 tuntur
219 725 350 776 virentibus
362 737 487 790 apparere3
501 725 618 775 autetiam
630 724 659 776 ad
668 722 773 788 suffragia
786 725 923 788 expetenda

131 801 240 862 quantum
254 795 283 848 ad
298 795 350 846 illus
367 796 442 860 quiin
459 793 589 861 purgatorio
604 795 748 858 detinentur,
766 797 792 845 nt
802 807 846 859 per
860 797 914 847 mut

131 881 183 934 que
196 867 221 919 iu
234 868 273 918 lv.
288 866 391 932 Dictop.
401 871 523 918 narrantur
535 868 595 933 (cap.
607 871 637 918 tt)
651 871 674 918 et
689 866 729 931 55)
743 869 818 931 putet.
831 867 879 918 Sed
894 869 911 917 h

131 941 227 992 interest
237 939 296 991 inter
304 942 395 990 semotos
408 942 432 990 et
442 940 570 1004 damnatos,
583 939 644 1004 qubd
657 939 731 990 sancti
743 937 795 990 cbnr
807 939 918 991 nolueris

131 1023 240 1076 apparere
253 1013 349 1074 possunt
361 1009 507 1074 virentibus,
522 1021 569 1062 nos
583 1013 660 1060 sutem
670 1007 781 1060 denunti.
794 1009 860 1060 Sient
873 1011 915 1062 eni

132 1083 205 1152 saneti
217 1082 322 1134 visentes
332 1082 356 1133 in
370 1095 437 1134 carna
450 1096 491 1148 per
503 1083 563 1135 dona
576 1083 655 1147 pratis
669 1082 739 1146 gratis
749 1084 808 1134 dats
818 1083 929 1149 accipiuu

131 1159 157 1207 ut
168 1155 277 1206 sanitates
289 1158 314 1206 et
326 1155 391 1219 signu
409 1154 546 1219 perficiunt,
559 1167 611 1219 qus
628 1153 732 1205 nonnisi
750 1153 829 1205 divini
849 1155 916 1208 sirtn

132 1227 264 1280 mirabiliter
273 1227 331 1278 flunt
344 1227 410 1292 (qum
426 1227 519 1292 quidem
532 1226 599 1292 signa
612 1226 641 1277 ab
655 1225 707 1276 aliis
718 1227 763 1277 buc
777 1227 838 1278 dono
854 1239 941 1279 coren-

132 1301 191 1350 tibus
203 1299 283 1365 perdei
296 1311 344 1351 non
354 1300 485 1364 pessunt);
496 1300 530 1350 ita
544 1299 615 1351 etism
625 1310 672 1350 non
686 1300 721 1348 est
731 1297 903 1351 inconveniens
913 1301 939 1348 ut

131 1385 161 1423 cs
173 1371 258 1424 virtuts
272 1371 350 1436 glorie
364 1369 439 1436 atique
452 1371 556 1438 potentis
572 1370 691 1422 animabus
706 1372 835 1421 mortorum
852 1371 936 1434 detur,
950 1356 951 1406 ¹

132 1456 173 1508 per
182 1457 249 1508 qnam
262 1443 351 1510 pomint
363 1443 496 1496 mirabiliter
508 1457 617 1509 apparere
626 1441 757 1494 virentibus
768 1439 820 1492 sirm
835 1443 936 1506 volunt3
951 1428 952 1468 ¹

132 1517 192 1580 quod
205 1516 303 1568 aliinnn
321 1517 419 1580 possunt
432 1514 478 1565 nisi
490 1513 603 1566 interdum
613 1512 729 1579 permissi.
952 1502 953 1542 ¹

165 1588 199 1638 sd
212 1590 310 1652 primum
328 1599 383 1650 ergo
396 1584 533 1649 dicendum,
575 1585 606 1637 bd
619 1584 759 1648 Augustinus
773 1584 816 1649 (ut
836 1599 880 1652 per·
897 1599 937 1639 se·
953 1574 955 1660 ¹

132 1659 225 1724 quentia
236 1659 317 1724 patet)
327 1657 426 1723 loquitur
434 1657 562 1710 secundnm
575 1669 721 1709 communem
734 1669 825 1708 cursum
834 1662 936 1712 naturus.

132 1732 181 1782 Nec
193 1735 271 1782 tamen
290 1730 394 1794 sequitur
412 1729 473 1794 qubd
490 1725 580 1782 etiamsi
599 1729 684 1781 mortui
701 1728 791 1794 possint
809 1733 837 1780 ut
856 1733 938 1784 nolunt

132 1803 261 1874 uiuentibus
280 1815 405 1868 apparere,
430 1802 498 1854 toties
523 1806 648 1868 appareant
665 1802 756 1868 quoties
779 1807 938 1868 apparentur

132 1887 199 1926 sams
209 1875 317 1925 virentes
327 1887 334 1924 s
344 1873 506 1938 quinseparatt
514 1873 528 1926 a
536 1887 604 1925 carne
613 1875 651 1926 rel
659 1874 939 1928 omninooontormantur

132 1947 217 2000 divine
234 1944 359 2006 voluntati,
373 1943 406 1996 ita
422 1945 482 2008 quod
495 1947 608 1998 nonlicet
626 1945 661 1998 eis
673 1947 719 1998 nisi
732 1949 793 2012 qnod
810 1948 936 2000 secundism

132 2019 235 2071 divinum
248 2015 422 2081 dispositionem
430 2029 557 2082 congruere
566 2017 697 2084 inreritum
709 2020 746 2071 rel
755 2020 788 2070 its
797 2025 853 2071 sunt
862 2020 938 2085 poenis

133 2091 250 2158 oppressi,
261 2094 288 2140 ut
303 2089 333 2140 ds
346 2101 389 2140 sua
401 2089 493 2142 miseria
506 2091 580 2155 magis
595 2091 688 2144 doleant
700 2091 767 2158 qudrn
784 2097 866 2143 curent
885 2091 938 2144 eliis

133 2175 251 2228 apparere.

165 2235 336 2288 insomnium
351 2235 490 2302 dicendum,
508 2235 571 2304 qndd
589 2235 733 2289 nodositates
754 2235 798 2288 illas
812 2235 937 2302 loquuntur

133 2315 242 2376 quantum
254 2311 336 2362 adhoc
348 2309 409 2376 qndd
422 2310 499 2362 nuilus
512 2311 540 2364 de
551 2310 658 2376 paradiso
670 2309 707 2361 sei
717 2309 806 2360 interno
819 2311 936 2374 egreditur

133 2381 280 2446 simpliciter,
294 2385 319 2432 et
335 2393 382 2433 non
391 2381 451 2447 qubd
460 2382 544 2446 aliquis
555 2379 831 2446 egrediatursdtempus.

165 2455 199 2506 nd
214 2456 307 2506 tertium
320 2455 457 2520 dicendum,
476 2455 538 2520 dudd
555 2455 615 2508 sicut
632 2465 660 2504 ex
677 2452 744 2504 dictis
758 2455 822 2517 putet
833 2453 841 2518 (
851 2457 895 2505 art.
910 2453 933 2517 d,

135 2527 186 2578 adt
197 2527 216 2592 ),
231 2526 355 2578 somnium
363 2528 408 2578 bon
417 2527 482 2578 locus
497 2528 582 2578 anime
596 2527 657 2578 cedit
669 2525 694 2576 iu
706 2524 825 2591 premium
835 2527 873 2576 rei
887 2539 935 2592 pur·

135 2614 202 2666 nam,
213 2599 274 2666 qnod
289 2601 366 2651 anima
378 2599 489 2652 sideistur
502 2611 531 2651 ex
542 2601 588 2650 boe
604 2598 666 2664 qudd
679 2599 719 2649 tali
732 2598 783 2650 ioco
797 2598 933 2663 deputatur,

134 2674 173 2724 rel
196 2673 329 2737 pandendo,
343 2671 380 2724 sel
400 2671 506 2723 dolendo.
527 2671 575 2723 Hoc
594 2674 670 2722 antem
688 2671 809 2734 gaudum,
824 2670 876 2722 sire
896 2671 933 2721 bic

134 2745 210 2808 dolor,
224 2745 252 2796 de
269 2745 313 2795 boc
326 2744 387 2808 qubd
399 2743 481 2794 iniibus
491 2743 547 2794 ineis
559 2743 695 2810 deputatur,
708 2745 786 2791 manet
801 2741 826 2792 is
841 2742 930 2806 snima,

134 2817 204 2868 etiam
214 2815 305 2881 qnando
318 2820 382 2868 extro
395 2816 445 2868 ioca
464 2813 572 2880 predium
582 2813 653 2866 tuerit
667 2829 674 2863 r
687 2813 746 2864 sicut
758 2813 878 2878 pontifici,
896 2813 932 2866 cui

135 2891 203 2943 detur
213 2900 256 2957 pro
267 2889 355 2944 bonore
370 2893 396 2942 ut
408 2888 433 2942 in
448 2889 556 2943 cathedra
566 2889 646 2942 sedent
658 2886 684 2939 in
699 2885 811 2952 enricum,
828 2899 876 2941 nnn
889 2889 931 2940 mi·
