1958 3314
144 188 193 254 aba
288 207 491 260 scrrusamaruar,
504 207 599 256 ouasr.
614 206 694 259 narr,
707 205 762 247 aar.
779 208 814 248 m.

178 295 202 342 t.
217 291 351 352 Preterea,
360 287 439 340 oliurm
454 288 531 352 potest
541 284 630 336 causari
644 297 673 335 er
688 285 773 336 uirtute
786 285 885 352 ejusqui
898 285 948 338 odio

143 362 250 412 babetur.
264 360 290 412 si
314 371 367 423 ergo
380 358 457 411 odilam
473 361 508 408 est
520 357 730 419 sufficiens'causa‚
742 359 798 409 tuuc
813 359 895 411 mulier
909 371 948 424 po-

145 433 227 485 tuisset
248 429 372 496 repudiari
395 433 488 496 propter
507 429 616 480 virtutem
633 441 714 493 suam3
734 430 795 494 quod
815 433 852 482 est
868 431 949 482 mser-

146 505 210 555 dum.

175 581 198 626 5.
213 575 338 640 escures,
361 575 476 634 Denter„
488 570 565 638 xxti,
574 573 656 626 dicitnr
666 589 673 624 ι
685 590 699 622 u
707 575 731 626 Si
743 573 831 627 durent
844 573 881 624 vir
894 585 948 626 urc-

142 659 206 709 rem,
221 652 246 699 et
268 651 348 712 posteo
367 647 420 698 odio
440 646 546 698 babuerit
558 659 625 706 eam,
639 645 798 711 quaesieritque
818 647 948 698 occasiones
971 693 972 720 ζ

142 717 225 781 quibus
244 717 344 769 dimittat
358 731 422 782 eam,
439 717 550 782 objiciens
567 717 590 768 ei
609 718 711 782 stuprum
726 720 779 768 unte
798 717 946 783 conjugium,
971 759 972 772 ,

141 789 161 838 si
172 789 198 839 in
206 790 341 853 probatione
352 789 470 850 deiecerit,
479 789 646 849 verberabitur,
656 791 678 840 et
687 789 779 840 centum
785 789 849 840 siclis
859 793 949 856 argenti
971 785 972 800 ³

141 861 347 920 condemnabitur,
357 865 382 914 et
395 873 442 915 non
451 861 536 926 poterit
553 859 667 912 dimittere
680 873 730 913 eam
743 860 851 912 omuibus
866 861 947 913 diebus
971 899 972 906 ,

139 930 193 984 rite
206 946 287 984 sumn
302 934 362 997 Ergo
376 933 454 985 odium
469 935 560 984 nonest
573 931 689 984 subiciens
702 945 772 984 causa
784 931 885 997 repudii.
971 949 972 954 ¹

175 1005 335 1070 (Concessio.
351 1033 382 1046 -
399 1005 496 1070 Repulit
511 1005 615 1070 proxima
631 1009 750 1055 causaest
762 1003 840 1056 odium
863 1005 909 1058 riri
924 1005 946 1057 in

139 1087 249 1138 uxorem,
268 1079 329 1142 qnod
350 1076 401 1129 cbm
419 1090 449 1128 ex
469 1077 544 1140 aliqua
559 1089 628 1127 causa
644 1077 803 1139 contrabatur,
819 1076 877 1130 alias
893 1091 944 1132 esse

140 1160 234 1211 causas,
252 1149 292 1200 sed
306 1152 421 1211 remotas,
436 1147 526 1213 repudi-i
538 1147 654 1198 latendum
666 1147 721 1211 est.)

169 1220 305 1284 Respondeo
319 1221 454 1286 (licendum,
469 1219 531 1284 qubd
549 1231 617 1272 causa
634 1219 790 1286 permissionis
806 1223 943 1285 repudiandi

136 1301 232 1343 uxorem
251 1291 294 1342 luit
308 1292 388 1344 vitatio
408 1291 541 1352 exorbiri,
557 1295 582 1342 ut
593 1293 665 1344 macti
678 1293 832 1344 communiter
849 1293 940 1346 dicuat.

137 1361 243 1415 Pmrima
257 1368 333 1415 autern
347 1375 414 1416 causa
433 1363 551 1415 homicidii
568 1368 604 1414 est
623 1364 712 1427 olium
726 1368 750 1415 et
767 1364 819 1416 ideo
836 1367 944 1430 proxima

135 1445 202 1485 musa
215 1434 304 1500 repudii
316 1440 351 1488 est
363 1435 501 1488 natumsed
516 1435 593 1487 olium
608 1435 723 1500 exaliqua
736 1449 805 1488 causa
821 1444 943 1501 causatur,

135 1505 193 1557 sicut
208 1511 231 1557 et
243 1521 306 1560 amor
322 1522 329 1558 a
343 1513 366 1559 et
379 1508 431 1559 ideo
445 1512 535 1572 oportet
556 1508 626 1560 etiarn
639 1509 726 1573 aliquas
744 1521 824 1560 causas
843 1513 939 1576 repudii

134 1589 219 1638 pouere
230 1583 337 1641 remotas,
350 1593 402 1643 que
418 1582 481 1630 erant
492 1593 559 1630 causa
568 1579 630 1644 odii;
641 1580 696 1631 dicit
712 1576 774 1631 enim
790 1582 940 1642 Augustinus

134 1647 158 1697 in
174 1649 269 1714 illoesa,
287 1653 400 1709 Denter,
415 1651 469 1704 ,xpp
485 1667 491 1703 :
508 1669 522 1700 u
535 1651 611 1705 ilulta
627 1657 692 1704 eraut
705 1652 730 1702 in
743 1653 793 1717 lege
808 1667 886 1708 cause
902 1657 938 1708 di·

134 1717 238 1773 mittendi
250 1735 354 1775 uxorem.
371 1723 448 1775 Solam
461 1724 567 1775 Christus
580 1724 753 1778 fornicationem
766 1725 876 1791 excepit;
892 1743 938 1782 cm·

132 1791 194 1843 teras
205 1793 260 1846 verb
272 1795 388 1847 molestias
399 1795 465 1860 jubet
475 1807 516 1860 pro
530 1795 573 1846 bde
587 1799 610 1845 et
626 1796 732 1847 castitate
748 1796 853 1861 conjugii
866 1802 939 1852 susti·

133 1863 191 1913 neri.
205 1879 219 1910 o
235 1865 273 1916 lia
289 1870 364 1917 autem
380 1880 455 1918 causa
468 1866 625 1931 intelliguntur
643 1869 773 1932 foeditates,
786 1870 823 1921 rel
840 1871 865 1921 iu
880 1887 936 1924 cor-
973 1927 974 1934 ,

131 1945 196 1996 pore,
206 1936 262 1998 puta
271 1935 390 1988 infirmitas
400 1939 438 1988 vel
448 1937 523 2002 atqua
531 1938 637 1989 notabilis
645 1941 749 2003 macula;
760 1941 798 1991 rel
808 1941 935 2009 inanima,

131 2003 190 2056 sicut
200 2004 320 2056 fornicatio
330 2009 365 2058 vel
379 2007 455 2070 aliqua
464 2008 596 2072 hujusmodi
608 2023 660 2073 qua
670 2010 694 2060 in
711 2011 811 2062 moribus
821 2014 936 2069 inhones-

131 2078 200 2128 tatem
218 2076 281 2128 lacit.
297 2079 341 2130 Sed
358 2079 449 2143 quidam
466 2081 508 2130 bas
527 2093 607 2131 causas
621 2083 676 2134 satis
691 2084 840 2148 probabiliter
857 2091 935 2154 magis

130 2152 258 2212 coarctant,
273 2149 374 2202 diceutes
382 2150 443 2215 quod
454 2165 501 2204 nou
508 2151 590 2204 licebat
598 2155 717 2218 repudiare
728 2156 774 2208 nisi
786 2162 881 2222 propter
892 2163 937 2213 ali·

131 2232 198 2284 quam
210 2231 302 2272 causam
310 2225 362 2287 post
374 2221 543 2274 matrimonium
553 2226 770 2292 supervenientem
784 2241 827 2279 uec
837 2237 935 2296 propter

130 2291 253 2354 quamlibet
264 2291 348 2353 talem,
363 2294 403 2345 seul
416 2298 508 2359 propter
521 2293 573 2346 illas
586 2295 660 2348 solium
672 2311 724 2362 que
736 2303 832 2363 possunt
845 2301 934 2354 meum

128 2361 199 2425 prolis
209 2361 328 2427 impedire,
338 2365 375 2417 rel
391 2364 526 2432 incorpore,
544 2371 570 2419 ut
578 2367 694 2432 sterilitas,
703 2372 741 2418 aut
750 2370 826 2434 lepra,
838 2378 879 2425 aut
890 2376 936 2426 ali-

128 2433 183 2496 quid
196 2433 341 2500 hujusmodi3
356 2438 392 2488 rel
404 2436 430 2490 iu
444 2438 537 2501 anima,
552 2441 578 2490 ut
589 2439 609 2490 si
623 2444 683 2492 esset
698 2441 809 2492 matorum
828 2457 932 2511 monum,

127 2516 185 2566 qnos
197 2505 238 2554 lllii
251 2517 280 2556 er
288 2509 456 2562 conuersatione
470 2511 584 2576 adipsum
595 2510 747 2564 imitarentur.
763 2512 809 2564 Sed
821 2519 932 2578 quedam

125 2573 205 2654 blecca
225 2589 294 2641 super
307 2577 363 2630 illud
377 2581 489 2639 Denter..
503 2584 573 2634 XXIV
590 2599 596 2633 :
621 2601 636 2632 o
648 2584 673 2634 Si
687 2597 733 2638 uon
747 2584 863 2637 invenerit
875 2603 934 2652 gra·

125 2648 214 2707 turma
227 2651 283 2714 etc,
297 2649 386 2702 ridetur
397 2653 468 2717 magis
480 2659 581 2717 arctare,
597 2656 685 2708 scilicet
693 2658 722 2708 ad
733 2661 860 2722 peccatum,
870 2660 930 2713 cim

125 2716 257 2782 dicitquod
277 2722 338 2772 «ibi
354 2734 395 2787 per
408 2724 532 2776 ioeditatem
549 2733 669 2792 macutum
682 2728 824 2792 inteligitur.
844 2747 859 2778 o
880 2731 933 2786 Sed

124 2794 254 2855 meatum
267 2794 346 2846 Glocsa
359 2795 526 2861 nominat,uon
535 2799 608 2852 solbrn
624 2799 761 2852 tumoribus
775 2799 869 2868 animae,
885 2806 932 2856 sod

126 2861 195 2913 etiam
208 2863 233 2914 iu
251 2870 332 2918 natura
345 2867 456 2934 eorporis.

97 2991 100 3000 ,
155 2935 258 3001 sicergo
270 2939 565 3004 primednoconcelimus.
