<?xml version="1.0" encoding="UTF-8"?>
<!DOCTYPE html PUBLIC "-//W3C//DTD XHTML 1.0 Transitional//EN"
    "http://www.w3.org/TR/xhtml1/DTD/xhtml1-transitional.dtd">
<html xmlns="http://www.w3.org/1999/xhtml" xml:lang="en" lang="en">
 <head>
  <title>
</title>
<meta http-equiv="Content-Type" content="text/html;charset=utf-8" />
  <meta name='ocr-system' content='tesseract 3.04.00' />
  <meta name='ocr-capabilities' content='ocr_page ocr_carea ocr_par ocr_line ocrx_word'/>
</head>
<body>
  <div class='ocr_page' id='page_1' title='image "./summatheologica06nicogoog_0470.png"; bbox 0 0 1946 3318; ppageno 0'>
   <div class='ocr_carea' id='block_1_1' title="bbox 107 135 778 191">
    <p class='ocr_par' dir='ltr' id='par_1_1' title="bbox 107 135 778 191">
     <span class='ocr_line' id='line_1_1' title="bbox 107 135 778 191; baseline -0.009 -9"><span class='ocrx_word' id='word_1_1' title='bbox 107 135 155 182; x_wconf 77' lang='grc' dir='ltr'><strong>ιιι</strong></span> <span class='ocrx_word' id='word_1_2' title='bbox 238 141 438 191; x_wconf 77' lang='lat' dir='ltr'><strong>sunrnnupnrou,</strong></span> <span class='ocrx_word' id='word_1_3' title='bbox 451 139 545 186; x_wconf 79' lang='lat' dir='ltr'><strong>oomsr.</strong></span> <span class='ocrx_word' id='word_1_4' title='bbox 561 139 658 188; x_wconf 81' lang='lat' dir='ltr'><strong>uxxnrr,</strong></span> <span class='ocrx_word' id='word_1_5' title='bbox 671 137 727 176; x_wconf 79' lang='lat' dir='ltr'><strong>nnn.</strong></span> <span class='ocrx_word' id='word_1_6' title='bbox 743 137 778 176; x_wconf 85' lang='lat' dir='ltr'><strong>rr.</strong></span> 
     </span>
    </p>
   </div>
   <div class='ocr_carea' id='block_1_2' title="bbox 11 189 961 2917">
    <p class='ocr_par' dir='ltr' id='par_1_2' title="bbox 11 189 961 1563">
     <span class='ocr_line' id='line_1_2' title="bbox 107 189 949 289; baseline -0.002 -19"><span class='ocrx_word' id='word_1_7' title='bbox 107 222 195 289; x_wconf 85' lang='lat' dir='ltr'><strong>ponpnt</strong></span> <span class='ocrx_word' id='word_1_8' title='bbox 208 231 258 270; x_wconf 85' lang='lat' dir='ltr'><strong>esse</strong></span> <span class='ocrx_word' id='word_1_9' title='bbox 271 217 409 282; x_wconf 87' lang='lat' dir='ltr'><strong>superfluum</strong></span> <span class='ocrx_word' id='word_1_10' title='bbox 419 214 532 278; x_wconf 73' lang='lat' dir='ltr'>alimenti,</span> <span class='ocrx_word' id='word_1_11' title='bbox 543 215 580 266; x_wconf 84' lang='lat' dir='ltr'><strong>rel</strong></span> <span class='ocrx_word' id='word_1_12' title='bbox 593 209 646 265; x_wconf 82' lang='lat' dir='ltr'><strong>card</strong></span> <span class='ocrx_word' id='word_1_13' title='bbox 659 213 804 265; x_wconf 76' lang='lat' dir='ltr'><strong>admixtione</strong></span> <span class='ocrx_word' id='word_1_14' title='bbox 818 211 921 278; x_wconf 70' lang='lat' dir='ltr'><strong>alcetas</strong></span> <span class='ocrx_word' id='word_1_15' title='bbox 946 189 949 237; x_wconf 60' lang='lat'>¹</span> 
     </span>
     <span class='ocr_line' id='line_1_3' title="bbox 106 269 961 356; baseline -0.011 -14"><span class='ocrx_word' id='word_1_16' title='bbox 106 292 166 356; x_wconf 80' lang='lat' dir='ltr'><strong>quod</strong></span> <span class='ocrx_word' id='word_1_17' title='bbox 178 294 212 340; x_wconf 90' lang='lat' dir='ltr'><strong>est</strong></span> <span class='ocrx_word' id='word_1_18' title='bbox 221 288 294 354; x_wconf 87' lang='lat' dir='ltr'><strong>primd</strong></span> <span class='ocrx_word' id='word_1_19' title='bbox 310 287 338 338; x_wconf 94' lang='lat' dir='ltr'><strong>de</strong></span> <span class='ocrx_word' id='word_1_20' title='bbox 352 287 447 338; x_wconf 86' lang='lat' dir='ltr'><strong>veritato</strong></span> <span class='ocrx_word' id='word_1_21' title='bbox 465 288 570 337; x_wconf 83' lang='lat' dir='ltr'><strong>humana</strong></span> <span class='ocrx_word' id='word_1_22' title='bbox 584 290 671 337; x_wconf 86' lang='lat' dir='ltr'><strong>nature</strong></span> <span class='ocrx_word' id='word_1_23' title='bbox 686 285 710 335; x_wconf 89' lang='lat' dir='ltr'><strong>in</strong></span> <span class='ocrx_word' id='word_1_24' title='bbox 725 290 858 348; x_wconf 77' lang='lat' dir='ltr'>generante</span> <span class='ocrx_word' id='word_1_25' title='bbox 874 289 920 350; x_wconf 87' lang='lat' dir='ltr'><strong>(ut</strong></span> <span class='ocrx_word' id='word_1_26' title='bbox 947 269 961 356; x_wconf 73' lang='lat' dir='ltr'><strong>ll</strong></span> 
     </span>
     <span class='ocr_line' id='line_1_4' title="bbox 107 357 961 426; baseline -0.007 -14"><span class='ocrx_word' id='word_1_27' title='bbox 107 363 199 426; x_wconf 86' lang='lat' dir='ltr'><strong>quidam</strong></span> <span class='ocrx_word' id='word_1_28' title='bbox 217 359 326 423; x_wconf 86' lang='lat' dir='ltr'><strong>dicunt),</strong></span> <span class='ocrx_word' id='word_1_29' title='bbox 341 358 378 408; x_wconf 83' lang='lat' dir='ltr'><strong>rel</strong></span> <span class='ocrx_word' id='word_1_30' title='bbox 401 358 470 408; x_wconf 86' lang='lat' dir='ltr'><strong>etiam</strong></span> <span class='ocrx_word' id='word_1_31' title='bbox 485 357 534 408; x_wconf 87' lang='lat' dir='ltr'><strong>sine</strong></span> <span class='ocrx_word' id='word_1_32' title='bbox 552 357 691 408; x_wconf 76' lang='lat' dir='ltr'>admixtione</span> <span class='ocrx_word' id='word_1_33' title='bbox 705 357 772 420; x_wconf 80' lang='lat' dir='ltr'><strong>ejus)</strong></span> <span class='ocrx_word' id='word_1_34' title='bbox 787 360 817 404; x_wconf 89' lang='lat' dir='ltr'><strong>ut</strong></span> <span class='ocrx_word' id='word_1_35' title='bbox 838 357 922 406; x_wconf 89' lang='lat' dir='ltr'><strong>dicunt</strong></span> <span class='ocrx_word' id='word_1_36' title='bbox 960 363 961 396; x_wconf 86' lang='lat' dir='ltr'><strong>l</strong></span> 
     </span>
     <span class='ocr_line' id='line_1_5' title="bbox 107 427 961 495; baseline -0.008 -13"><span class='ocrx_word' id='word_1_37' title='bbox 107 432 168 495; x_wconf 87' lang='lat' dir='ltr'><strong>alii),</strong></span> <span class='ocrx_word' id='word_1_38' title='bbox 179 435 202 482; x_wconf 91' lang='grc' dir='ltr'><strong>ει</strong></span> <span class='ocrx_word' id='word_1_39' title='bbox 213 431 247 482; x_wconf 86' lang='lat' dir='ltr'><strong>sio</strong></span> <span class='ocrx_word' id='word_1_40' title='bbox 258 430 319 494; x_wconf 81' lang='lat' dir='ltr'><strong>quod</strong></span> <span class='ocrx_word' id='word_1_41' title='bbox 332 432 367 478; x_wconf 89' lang='grc' dir='ltr'><strong>εει</strong></span> <span class='ocrx_word' id='word_1_42' title='bbox 376 428 493 479; x_wconf 85' lang='lat' dir='ltr'><strong>humidum</strong></span> <span class='ocrx_word' id='word_1_43' title='bbox 508 427 704 479; x_wconf 81' lang='lat' dir='ltr'><strong>nutrimentalem</strong></span> <span class='ocrx_word' id='word_1_44' title='bbox 716 440 764 478; x_wconf 94' lang='lat' dir='ltr'><strong>uno</strong></span> <span class='ocrx_word' id='word_1_45' title='bbox 774 462 782 491; x_wconf 81' lang='lat'>‚</span> <span class='ocrx_word' id='word_1_46' title='bbox 794 427 826 477; x_wconf 86' lang='lat' dir='ltr'><strong>lit</strong></span> <span class='ocrx_word' id='word_1_47' title='bbox 841 428 923 478; x_wconf 89' lang='lat' dir='ltr'><strong>humi·</strong></span> <span class='ocrx_word' id='word_1_48' title='bbox 960 433 961 468; x_wconf 89' lang='lat' dir='ltr'><strong>l</strong></span> 
     </span>
     <span class='ocr_line' id='line_1_6' title="bbox 109 500 961 554; baseline -0.006 0"><span class='ocrx_word' id='word_1_49' title='bbox 109 504 162 554; x_wconf 90' lang='lat' dir='ltr'><strong>dum</strong></span> <span class='ocrx_word' id='word_1_50' title='bbox 176 502 273 553; x_wconf 76' lang='lat' dir='ltr'>radicale</span> <span class='ocrx_word' id='word_1_51' title='bbox 288 500 313 550; x_wconf 93' lang='lat' dir='ltr'><strong>iu</strong></span> <span class='ocrx_word' id='word_1_52' title='bbox 324 500 377 551; x_wconf 89' lang='lat' dir='ltr'><strong>alio.</strong></span> <span class='ocrx_word' id='word_1_53' title='bbox 959 503 961 538; x_wconf 80' lang='lat' dir='ltr'><strong>l</strong></span> 
     </span>
     <span class='ocr_line' id='line_1_7' title="bbox 86 569 961 644; baseline -0.008 -19"><span class='ocrx_word' id='word_1_54' title='bbox 86 635 90 644; x_wconf 31' lang='grc' dir='ltr'><strong><em>Ι</em></strong></span> <span class='ocrx_word' id='word_1_55' title='bbox 140 573 215 625; x_wconf 86' lang='lat' dir='ltr'><strong>Tertia</strong></span> <span class='ocrx_word' id='word_1_56' title='bbox 225 571 303 636; x_wconf 91' lang='lat' dir='ltr'><strong>opinio</strong></span> <span class='ocrx_word' id='word_1_57' title='bbox 316 571 437 635; x_wconf 53' lang='lat' dir='ltr'><strong>estpqudd</strong></span> <span class='ocrx_word' id='word_1_58' title='bbox 450 569 535 636; x_wconf 90' lang='lat' dir='ltr'><strong>aliquid</strong></span> <span class='ocrx_word' id='word_1_59' title='bbox 549 571 577 620; x_wconf 91' lang='lat' dir='ltr'><strong>de</strong></span> <span class='ocrx_word' id='word_1_60' title='bbox 591 583 651 622; x_wconf 81' lang='lat' dir='ltr'><strong>noro</strong></span> <span class='ocrx_word' id='word_1_61' title='bbox 664 570 745 634; x_wconf 79' lang='lat' dir='ltr'><strong>incipit</strong></span> <span class='ocrx_word' id='word_1_62' title='bbox 756 583 812 624; x_wconf 84' lang='lat' dir='ltr'><strong>ease</strong></span> <span class='ocrx_word' id='word_1_63' title='bbox 828 569 922 634; x_wconf 90' lang='lat' dir='ltr'><strong>princi·</strong></span> <span class='ocrx_word' id='word_1_64' title='bbox 960 575 961 609; x_wconf 85' lang='lat' dir='ltr'><strong>l</strong></span> 
     </span>
     <span class='ocr_line' id='line_1_8' title="bbox 107 641 922 710; baseline -0.004 -16"><span class='ocrx_word' id='word_1_65' title='bbox 107 644 190 710; x_wconf 87' lang='lat' dir='ltr'><strong>paliter</strong></span> <span class='ocrx_word' id='word_1_66' title='bbox 207 643 234 700; x_wconf 90' lang='lat' dir='ltr'><strong>de</strong></span> <span class='ocrx_word' id='word_1_67' title='bbox 249 642 343 692; x_wconf 75' lang='lat' dir='ltr'><strong>ueritate</strong></span> <span class='ocrx_word' id='word_1_68' title='bbox 361 643 466 692; x_wconf 89' lang='lat' dir='ltr'><strong>humanae</strong></span> <span class='ocrx_word' id='word_1_69' title='bbox 483 645 569 693; x_wconf 83' lang='lat' dir='ltr'><strong>nature</strong></span> <span class='ocrx_word' id='word_1_70' title='bbox 588 642 656 692; x_wconf 88' lang='lat' dir='ltr'><strong>ctiam</strong></span> <span class='ocrx_word' id='word_1_71' title='bbox 675 642 699 690; x_wconf 91' lang='lat' dir='ltr'><strong>iu</strong></span> <span class='ocrx_word' id='word_1_72' title='bbox 713 641 757 692; x_wconf 84' lang='lat' dir='ltr'><strong>isto</strong></span> <span class='ocrx_word' id='word_1_73' title='bbox 773 641 922 699; x_wconf 86' lang='lat' dir='ltr'><strong>individuo;</strong></span> 
     </span>
     <span class='ocr_line' id='line_1_9' title="bbox 110 711 920 779; baseline -0.007 -13"><span class='ocrx_word' id='word_1_74' title='bbox 110 715 220 779; x_wconf 83' lang='lat' dir='ltr'><strong>quianon</strong></span> <span class='ocrx_word' id='word_1_75' title='bbox 234 719 269 764; x_wconf 87' lang='lat' dir='ltr'><strong>est</strong></span> <span class='ocrx_word' id='word_1_76' title='bbox 278 713 391 774; x_wconf 76' lang='lat' dir='ltr'><strong>distinctio</strong></span> <span class='ocrx_word' id='word_1_77' title='bbox 405 713 457 763; x_wconf 84' lang='lat' dir='ltr'><strong>talis</strong></span> <span class='ocrx_word' id='word_1_78' title='bbox 466 712 489 762; x_wconf 92' lang='lat' dir='ltr'><strong>in</strong></span> <span class='ocrx_word' id='word_1_79' title='bbox 501 725 595 777; x_wconf 89' lang='lat' dir='ltr'><strong>corpore</strong></span> <span class='ocrx_word' id='word_1_80' title='bbox 606 714 718 774; x_wconf 84' lang='lat' dir='ltr'><strong>humano,</strong></span> <span class='ocrx_word' id='word_1_81' title='bbox 729 717 754 761; x_wconf 89' lang='lat' dir='ltr'><strong>ut</strong></span> <span class='ocrx_word' id='word_1_82' title='bbox 765 711 852 776; x_wconf 84' lang='lat' dir='ltr'><strong>aliqua</strong></span> <span class='ocrx_word' id='word_1_83' title='bbox 863 723 920 775; x_wconf 86' lang='lat' dir='ltr'><strong>pars</strong></span> 
     </span>
     <span class='ocr_line' id='line_1_10' title="bbox 111 783 923 848; baseline -0.005 -12"><span class='ocrx_word' id='word_1_84' title='bbox 111 785 234 837; x_wconf 84' lang='lat' dir='ltr'><strong>materialis</strong></span> <span class='ocrx_word' id='word_1_85' title='bbox 248 783 341 848; x_wconf 80' lang='lat' dir='ltr'><strong>signata</strong></span> <span class='ocrx_word' id='word_1_86' title='bbox 351 786 378 836; x_wconf 90' lang='lat' dir='ltr'><strong>de</strong></span> <span class='ocrx_word' id='word_1_87' title='bbox 392 786 529 836; x_wconf 72' lang='lat' dir='ltr'><strong>necessitate</strong></span> <span class='ocrx_word' id='word_1_88' title='bbox 545 797 586 848; x_wconf 89' lang='lat' dir='ltr'><strong>per</strong></span> <span class='ocrx_word' id='word_1_89' title='bbox 603 787 672 835; x_wconf 89' lang='lat' dir='ltr'><strong>totum</strong></span> <span class='ocrx_word' id='word_1_90' title='bbox 692 784 763 833; x_wconf 85' lang='lat' dir='ltr'><strong>vitam</strong></span> <span class='ocrx_word' id='word_1_91' title='bbox 778 786 923 845; x_wconf 80' lang='lat' dir='ltr'><strong>ramaneat3</strong></span> 
     </span>
     <span class='ocr_line' id='line_1_11' title="bbox 112 854 922 920; baseline -0.004 -13"><span class='ocrx_word' id='word_1_92' title='bbox 112 859 152 907; x_wconf 92' lang='grc' dir='ltr'><strong>εει</strong></span> <span class='ocrx_word' id='word_1_93' title='bbox 165 857 192 906; x_wconf 91' lang='lat' dir='ltr'><strong>ad</strong></span> <span class='ocrx_word' id='word_1_94' title='bbox 202 857 246 906; x_wconf 89' lang='lat' dir='ltr'><strong>hoc</strong></span> <span class='ocrx_word' id='word_1_95' title='bbox 256 854 409 905; x_wconf 86' lang='lat' dir='ltr'><strong>indifferenter</strong></span> <span class='ocrx_word' id='word_1_96' title='bbox 419 867 444 906; x_wconf 87' lang='lat' dir='ltr'><strong>se</strong></span> <span class='ocrx_word' id='word_1_97' title='bbox 455 855 638 920; x_wconf 83' lang='lat' dir='ltr'><strong>habetquaelibot</strong></span> <span class='ocrx_word' id='word_1_98' title='bbox 647 865 700 918; x_wconf 86' lang='lat' dir='ltr'><strong>pars</strong></span> <span class='ocrx_word' id='word_1_99' title='bbox 708 854 798 918; x_wconf 79' lang='lat' dir='ltr'><strong>signata</strong></span> <span class='ocrx_word' id='word_1_100' title='bbox 808 859 922 918; x_wconf 87' lang='lat' dir='ltr'><strong>accepta,</strong></span> 
     </span>
     <span class='ocr_line' id='line_1_12' title="bbox 113 925 923 994; baseline -0.007 -16"><span class='ocrx_word' id='word_1_101' title='bbox 113 927 172 994; x_wconf 90' lang='lat' dir='ltr'><strong>qudd</strong></span> <span class='ocrx_word' id='word_1_102' title='bbox 188 931 264 977; x_wconf 89' lang='lat' dir='ltr'><strong>manet</strong></span> <span class='ocrx_word' id='word_1_103' title='bbox 278 939 368 990; x_wconf 80' lang='lat' dir='ltr'><strong>semper</strong></span> <span class='ocrx_word' id='word_1_104' title='bbox 378 930 489 990; x_wconf 85' lang='lat' dir='ltr'><strong>quantum</strong></span> <span class='ocrx_word' id='word_1_105' title='bbox 499 928 526 977; x_wconf 87' lang='lat' dir='ltr'><strong>ad</strong></span> <span class='ocrx_word' id='word_1_106' title='bbox 536 926 558 977; x_wconf 93' lang='lat' dir='ltr'><strong>id</strong></span> <span class='ocrx_word' id='word_1_107' title='bbox 570 928 629 990; x_wconf 81' lang='lat' dir='ltr'><strong>quod</strong></span> <span class='ocrx_word' id='word_1_108' title='bbox 642 931 676 977; x_wconf 88' lang='lat' dir='ltr'><strong>est</strong></span> <span class='ocrx_word' id='word_1_109' title='bbox 687 925 773 990; x_wconf 87' lang='lat' dir='ltr'><strong>speciei</strong></span> <span class='ocrx_word' id='word_1_110' title='bbox 783 925 809 974; x_wconf 91' lang='lat' dir='ltr'><strong>in</strong></span> <span class='ocrx_word' id='word_1_111' title='bbox 825 938 872 988; x_wconf 91' lang='lat' dir='ltr'><strong>ea,</strong></span> <span class='ocrx_word' id='word_1_112' title='bbox 881 925 923 974; x_wconf 90' lang='lat' dir='ltr'><strong>sed</strong></span> 
     </span>
     <span class='ocr_line' id='line_1_13' title="bbox 102 995 923 1064; baseline -0.007 -14"><span class='ocrx_word' id='word_1_113' title='bbox 102 1003 188 1064; x_wconf 76' lang='lat' dir='ltr'><strong>=potcst</strong></span> <span class='ocrx_word' id='word_1_114' title='bbox 205 1001 275 1050; x_wconf 91' lang='lat' dir='ltr'><strong>tluere</strong></span> <span class='ocrx_word' id='word_1_115' title='bbox 294 1003 316 1048; x_wconf 90' lang='lat' dir='ltr'><strong>et</strong></span> <span class='ocrx_word' id='word_1_116' title='bbox 329 999 424 1050; x_wconf 88' lang='lat' dir='ltr'><strong>refluere</strong></span> <span class='ocrx_word' id='word_1_117' title='bbox 440 1003 548 1063; x_wconf 83' lang='lat' dir='ltr'><strong>quantum</strong></span> <span class='ocrx_word' id='word_1_118' title='bbox 563 998 627 1049; x_wconf 91' lang='lat' dir='ltr'><strong>adid</strong></span> <span class='ocrx_word' id='word_1_119' title='bbox 644 999 705 1061; x_wconf 86' lang='lat' dir='ltr'><strong>quod</strong></span> <span class='ocrx_word' id='word_1_120' title='bbox 723 999 759 1047; x_wconf 85' lang='grc' dir='ltr'><strong>εει</strong></span> <span class='ocrx_word' id='word_1_121' title='bbox 773 997 887 1048; x_wconf 84' lang='lat' dir='ltr'><strong>materiae</strong></span> <span class='ocrx_word' id='word_1_122' title='bbox 901 995 923 1044; x_wconf 91' lang='lat' dir='ltr'><strong>in</strong></span> 
     </span>
     <span class='ocr_line' id='line_1_14' title="bbox 57 1065 924 1136; baseline -0.007 -16"><span class='ocrx_word' id='word_1_123' title='bbox 57 1069 59 1077; x_wconf 59' lang='lat'><strong><em>⁴</em></strong></span> <span class='ocrx_word' id='word_1_124' title='bbox 114 1071 176 1136; x_wconf 83' lang='lat' dir='ltr'><strong>ipsa3</strong></span> <span class='ocrx_word' id='word_1_125' title='bbox 187 1073 210 1120; x_wconf 90' lang='lat' dir='ltr'><strong>et</strong></span> <span class='ocrx_word' id='word_1_126' title='bbox 223 1070 256 1120; x_wconf 92' lang='lat' dir='ltr'><strong>sic</strong></span> <span class='ocrx_word' id='word_1_127' title='bbox 271 1069 389 1120; x_wconf 89' lang='lat' dir='ltr'><strong>humidum</strong></span> <span class='ocrx_word' id='word_1_128' title='bbox 403 1069 561 1132; x_wconf 83' lang='lat' dir='ltr'><strong>nutrimentale</strong></span> <span class='ocrx_word' id='word_1_129' title='bbox 576 1083 622 1120; x_wconf 92' lang='lat' dir='ltr'><strong>non</strong></span> <span class='ocrx_word' id='word_1_130' title='bbox 636 1067 782 1132; x_wconf 74' lang='lat' dir='ltr'><strong>distinguitur</strong></span> <span class='ocrx_word' id='word_1_131' title='bbox 796 1065 924 1118; x_wconf 72' lang='lat' dir='ltr'><strong>eradicati</strong></span> 
     </span>
     <span class='ocr_line' id='line_1_15' title="bbox 115 1137 961 1206; baseline -0.006 -13"><span class='ocrx_word' id='word_1_132' title='bbox 115 1145 220 1206; x_wconf 84' lang='lat' dir='ltr'><strong>exparte</strong></span> <span class='ocrx_word' id='word_1_133' title='bbox 236 1139 342 1205; x_wconf 88' lang='lat' dir='ltr'><strong>principii</strong></span> <span class='ocrx_word' id='word_1_134' title='bbox 354 1144 361 1202; x_wconf 76' lang='grc' dir='ltr'><strong>ι</strong></span> <span class='ocrx_word' id='word_1_135' title='bbox 371 1145 397 1190; x_wconf 88' lang='lat' dir='ltr'><strong>at</strong></span> <span class='ocrx_word' id='word_1_136' title='bbox 410 1140 496 1191; x_wconf 90' lang='lat' dir='ltr'><strong>dicatur</strong></span> <span class='ocrx_word' id='word_1_137' title='bbox 515 1137 643 1198; x_wconf 72' lang='lat' dir='ltr'><strong>radicale,</strong></span> <span class='ocrx_word' id='word_1_138' title='bbox 660 1141 720 1204; x_wconf 86' lang='lat' dir='ltr'><strong>quod</strong></span> <span class='ocrx_word' id='word_1_139' title='bbox 732 1144 768 1190; x_wconf 86' lang='grc' dir='ltr'><strong>εει</strong></span> <span class='ocrx_word' id='word_1_140' title='bbox 780 1153 811 1190; x_wconf 82' lang='lat' dir='ltr'><strong>en</strong></span> <span class='ocrx_word' id='word_1_141' title='bbox 827 1138 921 1190; x_wconf 88' lang='lat' dir='ltr'><strong>semine</strong></span> <span class='ocrx_word' id='word_1_142' title='bbox 960 1193 961 1196; x_wconf 44' lang='lat'>,</span> 
     </span>
     <span class='ocr_line' id='line_1_16' title="bbox 114 1209 921 1278; baseline -0.007 -14"><span class='ocrx_word' id='word_1_143' title='bbox 114 1217 254 1278; x_wconf 76' lang='lat' dir='ltr'><strong>generatum,</strong></span> <span class='ocrx_word' id='word_1_144' title='bbox 269 1213 451 1264; x_wconf 81' lang='lat' dir='ltr'><strong>nutrr&#39;meotole</strong></span> <span class='ocrx_word' id='word_1_145' title='bbox 461 1212 515 1264; x_wconf 87' lang='lat' dir='ltr'><strong>vend</strong></span> <span class='ocrx_word' id='word_1_146' title='bbox 529 1213 589 1276; x_wconf 84' lang='lat' dir='ltr'><strong>quod</strong></span> <span class='ocrx_word' id='word_1_147' title='bbox 602 1213 762 1276; x_wconf 73' lang='lat' dir='ltr'><strong>generatur-ex</strong></span> <span class='ocrx_word' id='word_1_148' title='bbox 772 1211 826 1262; x_wconf 84' lang='lat' dir='ltr'><strong>cibo</strong></span> <span class='ocrx_word' id='word_1_149' title='bbox 841 1211 868 1272; x_wconf 86' lang='lat'><strong>);</strong></span> <span class='ocrx_word' id='word_1_150' title='bbox 882 1209 921 1259; x_wconf 87' lang='lat' dir='ltr'><strong>sed</strong></span> 
     </span>
     <span class='ocr_line' id='line_1_17' title="bbox 115 1279 922 1350; baseline -0.011 -14"><span class='ocrx_word' id='word_1_151' title='bbox 115 1288 188 1350; x_wconf 75' lang='lat' dir='ltr'><strong>magis</strong></span> <span class='ocrx_word' id='word_1_152' title='bbox 200 1284 346 1348; x_wconf 78' lang='lat' dir='ltr'><strong>distinguitur</strong></span> <span class='ocrx_word' id='word_1_153' title='bbox 362 1298 391 1335; x_wconf 84' lang='lat' dir='ltr'><strong>eu</strong></span> <span class='ocrx_word' id='word_1_154' title='bbox 405 1283 515 1346; x_wconf 88' lang='lat' dir='ltr'><strong>termino,</strong></span> <span class='ocrx_word' id='word_1_155' title='bbox 525 1287 550 1334; x_wconf 90' lang='lat' dir='ltr'><strong>ut</strong></span> <span class='ocrx_word' id='word_1_156' title='bbox 565 1283 679 1334; x_wconf 81' lang='lat' dir='ltr'><strong>radicale</strong></span> <span class='ocrx_word' id='word_1_157' title='bbox 692 1283 793 1344; x_wconf 90' lang='lat' dir='ltr'><strong>dicatur,</strong></span> <span class='ocrx_word' id='word_1_158' title='bbox 808 1282 878 1346; x_wconf 86' lang='lat' dir='ltr'><strong>quod</strong></span> <span class='ocrx_word' id='word_1_159' title='bbox 896 1279 922 1328; x_wconf 92' lang='lat' dir='ltr'><strong>ad</strong></span> 
     </span>
     <span class='ocr_line' id='line_1_18' title="bbox 114 1352 958 1419; baseline -0.002 -11"><span class='ocrx_word' id='word_1_160' title='bbox 114 1357 238 1409; x_wconf 88' lang='lat' dir='ltr'><strong>terminum</strong></span> <span class='ocrx_word' id='word_1_161' title='bbox 258 1355 410 1418; x_wconf 79' lang='lat' dir='ltr'><strong>generationis</strong></span> <span class='ocrx_word' id='word_1_162' title='bbox 428 1355 533 1419; x_wconf 80' lang='lat' dir='ltr'><strong>pervenit</strong></span> <span class='ocrx_word' id='word_1_163' title='bbox 548 1368 589 1418; x_wconf 92' lang='lat' dir='ltr'><strong>per</strong></span> <span class='ocrx_word' id='word_1_164' title='bbox 610 1357 687 1405; x_wconf 86' lang='lat' dir='ltr'><strong>actoru</strong></span> <span class='ocrx_word' id='word_1_165' title='bbox 706 1354 866 1418; x_wconf 66' lang='lat' dir='ltr'><strong>generativa,</strong></span> <span class='ocrx_word' id='word_1_166' title='bbox 887 1352 921 1402; x_wconf 86' lang='lat' dir='ltr'><strong>vel</strong></span> <span class='ocrx_word' id='word_1_167' title='bbox 957 1399 958 1406; x_wconf 74' lang='grc'>,</span> 
     </span>
     <span class='ocr_line' id='line_1_19' title="bbox 11 1425 923 1490; baseline -0.007 -12"><span class='ocrx_word' id='word_1_168' title='bbox 11 1440 14 1449; x_wconf 79' lang='grc'><em>’</em></span> <span class='ocrx_word' id='word_1_169' title='bbox 116 1427 185 1478; x_wconf 85' lang='lat' dir='ltr'><strong>etiam</strong></span> <span class='ocrx_word' id='word_1_170' title='bbox 206 1426 322 1478; x_wconf 80' lang='lat' dir='ltr'><strong>ntrtritivae</strong></span> <span class='ocrx_word' id='word_1_171' title='bbox 343 1426 450 1490; x_wconf 83' lang='lat' dir='ltr'><strong>virtutis;</strong></span> <span class='ocrx_word' id='word_1_172' title='bbox 470 1427 509 1476; x_wconf 86' lang='lat' dir='ltr'><strong>sed</strong></span> <span class='ocrx_word' id='word_1_173' title='bbox 531 1425 713 1476; x_wconf 73' lang='lat' dir='ltr'><strong>autrimentole</strong></span> <span class='ocrx_word' id='word_1_174' title='bbox 731 1426 790 1488; x_wconf 85' lang='lat' dir='ltr'><strong>quod</strong></span> <span class='ocrx_word' id='word_1_175' title='bbox 816 1426 923 1477; x_wconf 85' lang='lat' dir='ltr'><strong>nondun</strong></span> 
     </span>
     <span class='ocr_line' id='line_1_20' title="bbox 115 1495 921 1563; baseline -0.007 -13"><span class='ocrx_word' id='word_1_176' title='bbox 115 1499 220 1563; x_wconf 90' lang='lat' dir='ltr'><strong>pervenit</strong></span> <span class='ocrx_word' id='word_1_177' title='bbox 234 1498 262 1548; x_wconf 88' lang='lat' dir='ltr'><strong>ad</strong></span> <span class='ocrx_word' id='word_1_178' title='bbox 276 1500 337 1548; x_wconf 88' lang='lat' dir='ltr'><strong>hunc</strong></span> <span class='ocrx_word' id='word_1_179' title='bbox 350 1497 487 1560; x_wconf 89' lang='lat' dir='ltr'><strong>terminum,</strong></span> <span class='ocrx_word' id='word_1_180' title='bbox 509 1498 549 1548; x_wconf 88' lang='grc' dir='ltr'><strong>εει</strong></span> <span class='ocrx_word' id='word_1_181' title='bbox 562 1501 598 1549; x_wconf 85' lang='grc' dir='ltr'><strong>εει</strong></span> <span class='ocrx_word' id='word_1_182' title='bbox 614 1497 687 1548; x_wconf 85' lang='lat' dir='ltr'><strong>adhuc</strong></span> <span class='ocrx_word' id='word_1_183' title='bbox 701 1496 726 1546; x_wconf 90' lang='lat' dir='ltr'><strong>in</strong></span> <span class='ocrx_word' id='word_1_184' title='bbox 740 1495 779 1546; x_wconf 86' lang='lat' dir='ltr'><strong>via·</strong></span> <span class='ocrx_word' id='word_1_185' title='bbox 790 1497 921 1548; x_wconf 83' lang='lat' dir='ltr'><strong>nutriendi.</strong></span> 
     </span>
    </p>

    <p class='ocr_par' dir='ltr' id='par_1_3' title="bbox 116 1568 923 1776">
     <span class='ocr_line' id='line_1_21' title="bbox 147 1568 921 1634; baseline -0.005 -14"><span class='ocrx_word' id='word_1_186' title='bbox 147 1571 175 1620; x_wconf 86' lang='lat' dir='ltr'><strong>Et</strong></span> <span class='ocrx_word' id='word_1_187' title='bbox 190 1571 225 1621; x_wconf 81' lang='lat' dir='ltr'><strong>lrae</strong></span> <span class='ocrx_word' id='word_1_188' title='bbox 245 1575 292 1620; x_wconf 87' lang='lat' dir='ltr'><strong>tres</strong></span> <span class='ocrx_word' id='word_1_189' title='bbox 307 1569 427 1634; x_wconf 83' lang='lat' dir='ltr'><strong>opiniones</strong></span> <span class='ocrx_word' id='word_1_190' title='bbox 444 1570 469 1620; x_wconf 90' lang='lat' dir='ltr'><strong>in</strong></span> <span class='ocrx_word' id='word_1_191' title='bbox 481 1568 502 1620; x_wconf 94' lang='lat' dir='ltr'><strong>ll</strong></span> <span class='ocrx_word' id='word_1_192' title='bbox 515 1569 573 1621; x_wconf 84' lang='lat' dir='ltr'><strong>libro</strong></span> <span class='ocrx_word' id='word_1_193' title='bbox 587 1569 788 1624; x_wconf 75' lang='lat' dir='ltr'><strong>Sententiarum,</strong></span> <span class='ocrx_word' id='word_1_194' title='bbox 802 1568 862 1618; x_wconf 91' lang='lat' dir='ltr'><strong>dist.</strong></span> <span class='ocrx_word' id='word_1_195' title='bbox 880 1571 921 1625; x_wconf 78' lang='lat'><strong>3⁰,</strong></span> 
     </span>
     <span class='ocr_line' id='line_1_22' title="bbox 116 1639 923 1706; baseline -0.002 -15"><span class='ocrx_word' id='word_1_196' title='bbox 116 1639 207 1704; x_wconf 78' lang='lat' dir='ltr'><strong>plenius</strong></span> <span class='ocrx_word' id='word_1_197' title='bbox 224 1645 366 1706; x_wconf 80' lang='lat' dir='ltr'><strong>pertractatae</strong></span> <span class='ocrx_word' id='word_1_198' title='bbox 382 1645 406 1692; x_wconf 91' lang='lat' dir='ltr'><strong>et</strong></span> <span class='ocrx_word' id='word_1_199' title='bbox 423 1641 565 1704; x_wconf 82' lang='lat' dir='ltr'><strong>investigatae</strong></span> <span class='ocrx_word' id='word_1_200' title='bbox 580 1643 642 1690; x_wconf 88' lang='lat' dir='ltr'><strong>suut.</strong></span> <span class='ocrx_word' id='word_1_201' title='bbox 656 1640 686 1690; x_wconf 84' lang='lat' dir='ltr'><strong>Et</strong></span> <span class='ocrx_word' id='word_1_202' title='bbox 698 1640 750 1692; x_wconf 91' lang='lat' dir='ltr'><strong>ideo</strong></span> <span class='ocrx_word' id='word_1_203' title='bbox 762 1645 810 1690; x_wconf 82' lang='lat' dir='ltr'><strong>undu</strong></span> <span class='ocrx_word' id='word_1_204' title='bbox 830 1640 923 1705; x_wconf 80' lang='lat' dir='ltr'><strong>oportet</strong></span> 
     </span>
     <span class='ocr_line' id='line_1_23' title="bbox 116 1709 793 1776; baseline -0.001 -14"><span class='ocrx_word' id='word_1_205' title='bbox 116 1711 155 1762; x_wconf 88' lang='lat' dir='ltr'><strong>hic</strong></span> <span class='ocrx_word' id='word_1_206' title='bbox 168 1717 285 1776; x_wconf 86' lang='lat' dir='ltr'><strong>repetere,</strong></span> <span class='ocrx_word' id='word_1_207' title='bbox 303 1711 347 1762; x_wconf 84' lang='lat' dir='ltr'><strong>nisi</strong></span> <span class='ocrx_word' id='word_1_208' title='bbox 361 1715 469 1776; x_wconf 77' lang='lat' dir='ltr'><strong>quantum</strong></span> <span class='ocrx_word' id='word_1_209' title='bbox 489 1713 517 1762; x_wconf 88' lang='lat' dir='ltr'><strong>ad</strong></span> <span class='ocrx_word' id='word_1_210' title='bbox 533 1711 675 1776; x_wconf 85' lang='lat' dir='ltr'><strong>propositum</strong></span> <span class='ocrx_word' id='word_1_211' title='bbox 686 1709 793 1776; x_wconf 85' lang='lat' dir='ltr'><strong>pertinet.</strong></span> 
     </span>
    </p>

    <p class='ocr_par' dir='ltr' id='par_1_4' title="bbox 117 1781 961 2917">
     <span class='ocr_line' id='line_1_24' title="bbox 149 1781 922 1847; baseline -0.003 -14"><span class='ocrx_word' id='word_1_212' title='bbox 149 1783 268 1834; x_wconf 85' lang='lat' dir='ltr'><strong>Sciendum</strong></span> <span class='ocrx_word' id='word_1_213' title='bbox 283 1790 319 1834; x_wconf 83' lang='lat' dir='ltr'><strong>est</strong></span> <span class='ocrx_word' id='word_1_214' title='bbox 332 1783 468 1847; x_wconf 83' lang='lat' dir='ltr'><strong>ergo‚c1udd</strong></span> <span class='ocrx_word' id='word_1_215' title='bbox 488 1782 612 1834; x_wconf 88' lang='lat' dir='ltr'><strong>secundum</strong></span> <span class='ocrx_word' id='word_1_216' title='bbox 626 1784 668 1833; x_wconf 84' lang='lat' dir='ltr'><strong>llas</strong></span> <span class='ocrx_word' id='word_1_217' title='bbox 681 1781 802 1846; x_wconf 91' lang='lat' dir='ltr'><strong>opiniones</strong></span> <span class='ocrx_word' id='word_1_218' title='bbox 818 1783 922 1835; x_wconf 86' lang='lat' dir='ltr'><strong>dirersi-</strong></span> 
     </span>
     <span class='ocr_line' id='line_1_25' title="bbox 118 1853 923 1918; baseline -0.002 -14"><span class='ocrx_word' id='word_1_219' title='bbox 118 1853 186 1904; x_wconf 82' lang='lat' dir='ltr'><strong>mode</strong></span> <span class='ocrx_word' id='word_1_220' title='bbox 202 1855 229 1907; x_wconf 92' lang='lat' dir='ltr'><strong>ad</strong></span> <span class='ocrx_word' id='word_1_221' title='bbox 248 1857 306 1906; x_wconf 90' lang='lat' dir='ltr'><strong>hanc</strong></span> <span class='ocrx_word' id='word_1_222' title='bbox 324 1855 471 1918; x_wconf 81' lang='lat' dir='ltr'><strong>questionem</strong></span> <span class='ocrx_word' id='word_1_223' title='bbox 492 1859 581 1918; x_wconf 83' lang='lat' dir='ltr'><strong>oportet</strong></span> <span class='ocrx_word' id='word_1_224' title='bbox 597 1855 741 1918; x_wconf 88' lang='lat' dir='ltr'><strong>respondere.</strong></span> <span class='ocrx_word' id='word_1_225' title='bbox 761 1854 842 1906; x_wconf 86' lang='lat' dir='ltr'><strong>Prima</strong></span> <span class='ocrx_word' id='word_1_226' title='bbox 860 1853 923 1907; x_wconf 89' lang='lat' dir='ltr'><strong>enim</strong></span> 
     </span>
     <span class='ocr_line' id='line_1_26' title="bbox 118 1925 921 1992; baseline -0.005 -14"><span class='ocrx_word' id='word_1_227' title='bbox 118 1925 195 1992; x_wconf 89' lang='lat' dir='ltr'><strong>opinio</strong></span> <span class='ocrx_word' id='word_1_228' title='bbox 210 1939 250 1990; x_wconf 91' lang='lat' dir='ltr'><strong>per</strong></span> <span class='ocrx_word' id='word_1_229' title='bbox 266 1927 328 1977; x_wconf 81' lang='lat' dir='ltr'><strong>riam</strong></span> <span class='ocrx_word' id='word_1_230' title='bbox 345 1927 541 1991; x_wconf 81' lang='lat' dir='ltr'><strong>multiplicationis</strong></span> <span class='ocrx_word' id='word_1_231' title='bbox 557 1937 625 1991; x_wconf 81' lang='lat' dir='ltr'><strong>quam</strong></span> <span class='ocrx_word' id='word_1_232' title='bbox 644 1925 726 1990; x_wconf 89' lang='lat' dir='ltr'><strong>ponit,</strong></span> <span class='ocrx_word' id='word_1_233' title='bbox 741 1929 820 1990; x_wconf 88' lang='lat' dir='ltr'><strong>potest</strong></span> <span class='ocrx_word' id='word_1_234' title='bbox 834 1935 921 1992; x_wconf 90' lang='lat' dir='ltr'><strong>ponere</strong></span> 
     </span>
     <span class='ocr_line' id='line_1_27' title="bbox 117 1998 922 2064; baseline -0.004 -14"><span class='ocrx_word' id='word_1_235' title='bbox 117 1999 280 2064; x_wconf 77' lang='lat' dir='ltr'><strong>perfectionem</strong></span> <span class='ocrx_word' id='word_1_236' title='bbox 291 1998 394 2049; x_wconf 86' lang='lat' dir='ltr'><strong>veritatis</strong></span> <span class='ocrx_word' id='word_1_237' title='bbox 407 1999 623 2061; x_wconf 73' lang='lat' dir='ltr'><strong>humanandum,</strong></span> <span class='ocrx_word' id='word_1_238' title='bbox 636 2003 660 2050; x_wconf 87' lang='lat' dir='ltr'><strong>et</strong></span> <span class='ocrx_word' id='word_1_239' title='bbox 672 2004 781 2062; x_wconf 84' lang='lat' dir='ltr'><strong>quantum</strong></span> <span class='ocrx_word' id='word_1_240' title='bbox 795 2000 821 2048; x_wconf 89' lang='lat' dir='ltr'><strong>ad</strong></span> <span class='ocrx_word' id='word_1_241' title='bbox 839 2010 922 2049; x_wconf 90' lang='lat' dir='ltr'><strong>nume·</strong></span> 
     </span>
     <span class='ocr_line' id='line_1_28' title="bbox 118 2069 922 2134; baseline -0.002 -14"><span class='ocrx_word' id='word_1_242' title='bbox 118 2083 169 2120; x_wconf 87' lang='lat' dir='ltr'><strong>num</strong></span> <span class='ocrx_word' id='word_1_243' title='bbox 185 2069 353 2120; x_wconf 81' lang='lat' dir='ltr'><strong>individuorum</strong></span> <span class='ocrx_word' id='word_1_244' title='bbox 366 2071 389 2120; x_wconf 90' lang='lat' dir='ltr'><strong>et</strong></span> <span class='ocrx_word' id='word_1_245' title='bbox 399 2075 508 2134; x_wconf 86' lang='lat' dir='ltr'><strong>quantum</strong></span> <span class='ocrx_word' id='word_1_246' title='bbox 521 2071 550 2120; x_wconf 93' lang='lat' dir='ltr'><strong>ad</strong></span> <span class='ocrx_word' id='word_1_247' title='bbox 564 2071 662 2121; x_wconf 84' lang='lat' dir='ltr'><strong>debitam</strong></span> <span class='ocrx_word' id='word_1_248' title='bbox 676 2069 827 2134; x_wconf 84' lang='lat' dir='ltr'><strong>quantitatem</strong></span> <span class='ocrx_word' id='word_1_249' title='bbox 843 2070 922 2121; x_wconf 85' lang='lat' dir='ltr'><strong>unius·</strong></span> 
     </span>
     <span class='ocr_line' id='line_1_29' title="bbox 119 2139 920 2206; baseline -0.001 -16"><span class='ocrx_word' id='word_1_250' title='bbox 119 2141 229 2205; x_wconf 87' lang='lat' dir='ltr'><strong>cujusque</strong></span> <span class='ocrx_word' id='word_1_251' title='bbox 242 2139 371 2204; x_wconf 88' lang='lat' dir='ltr'><strong>individui,</strong></span> <span class='ocrx_word' id='word_1_252' title='bbox 386 2141 471 2205; x_wconf 80' lang='lat' dir='ltr'><strong>alteque</strong></span> <span class='ocrx_word' id='word_1_253' title='bbox 484 2154 511 2193; x_wconf 87' lang='lat' dir='ltr'><strong>eo</strong></span> <span class='ocrx_word' id='word_1_254' title='bbox 527 2143 587 2206; x_wconf 86' lang='lat' dir='ltr'><strong>quod</strong></span> <span class='ocrx_word' id='word_1_255' title='bbox 607 2145 642 2192; x_wconf 89' lang='lat' dir='ltr'><strong>est</strong></span> <span class='ocrx_word' id='word_1_256' title='bbox 655 2153 683 2192; x_wconf 85' lang='lat' dir='ltr'><strong>ex</strong></span> <span class='ocrx_word' id='word_1_257' title='bbox 697 2141 806 2191; x_wconf 89' lang='lat' dir='ltr'><strong>alimento</strong></span> <span class='ocrx_word' id='word_1_258' title='bbox 821 2151 920 2204; x_wconf 77' lang='lat' dir='ltr'><strong>genera·</strong></span> 
     </span>
     <span class='ocr_line' id='line_1_30' title="bbox 119 2211 961 2277; baseline 0.002 -15"><span class='ocrx_word' id='word_1_259' title='bbox 119 2215 183 2273; x_wconf 87' lang='lat' dir='ltr'><strong>tum,</strong></span> <span class='ocrx_word' id='word_1_260' title='bbox 196 2213 255 2277; x_wconf 87' lang='lat' dir='ltr'><strong>quod</strong></span> <span class='ocrx_word' id='word_1_261' title='bbox 267 2211 358 2275; x_wconf 84' lang='lat' dir='ltr'><strong>quidem</strong></span> <span class='ocrx_word' id='word_1_262' title='bbox 371 2225 417 2264; x_wconf 87' lang='lat' dir='ltr'><strong>nou</strong></span> <span class='ocrx_word' id='word_1_263' title='bbox 431 2213 527 2275; x_wconf 80' lang='lat' dir='ltr'><strong>additur,</strong></span> <span class='ocrx_word' id='word_1_264' title='bbox 538 2213 583 2263; x_wconf 91' lang='lat' dir='ltr'><strong>nisi</strong></span> <span class='ocrx_word' id='word_1_265' title='bbox 594 2214 621 2263; x_wconf 90' lang='lat' dir='ltr'><strong>ad</strong></span> <span class='ocrx_word' id='word_1_266' title='bbox 633 2212 783 2264; x_wconf 88' lang='lat' dir='ltr'><strong>resistendum</strong></span> <span class='ocrx_word' id='word_1_267' title='bbox 798 2225 920 2276; x_wconf 80' lang='lat' dir='ltr'><strong>cousnmp</strong></span> <span class='ocrx_word' id='word_1_268' title='bbox 960 2237 961 2264; x_wconf 71' lang='grc' dir='ltr'><strong>ι</strong></span> 
     </span>
     <span class='ocr_line' id='line_1_31' title="bbox 119 2281 919 2349; baseline -0.008 -15"><span class='ocrx_word' id='word_1_269' title='bbox 119 2282 177 2335; x_wconf 87' lang='lat' dir='ltr'><strong>tioui</strong></span> <span class='ocrx_word' id='word_1_270' title='bbox 185 2319 194 2346; x_wconf 89' lang='lat'>‚</span> <span class='ocrx_word' id='word_1_271' title='bbox 206 2297 257 2348; x_wconf 84' lang='lat' dir='ltr'><strong>que</strong></span> <span class='ocrx_word' id='word_1_272' title='bbox 271 2286 347 2347; x_wconf 86' lang='lat' dir='ltr'><strong>posset</strong></span> <span class='ocrx_word' id='word_1_273' title='bbox 357 2281 433 2335; x_wconf 87' lang='lat' dir='ltr'><strong>induci</strong></span> <span class='ocrx_word' id='word_1_274' title='bbox 450 2298 491 2349; x_wconf 87' lang='lat' dir='ltr'><strong>per</strong></span> <span class='ocrx_word' id='word_1_275' title='bbox 505 2285 616 2335; x_wconf 85' lang='lat' dir='ltr'><strong>actionem</strong></span> <span class='ocrx_word' id='word_1_276' title='bbox 631 2283 712 2334; x_wconf 86' lang='lat' dir='ltr'><strong>caloris</strong></span> <span class='ocrx_word' id='word_1_277' title='bbox 726 2283 851 2343; x_wconf 87' lang='lat' dir='ltr'><strong>naturalis,</strong></span> <span class='ocrx_word' id='word_1_278' title='bbox 863 2283 919 2334; x_wconf 88' lang='lat' dir='ltr'><strong>sicut</strong></span> 
     </span>
     <span class='ocr_line' id='line_1_32' title="bbox 119 2353 916 2422; baseline -0.004 -18"><span class='ocrx_word' id='word_1_279' title='bbox 119 2358 214 2418; x_wconf 77' lang='lat' dir='ltr'><strong>argento</strong></span> <span class='ocrx_word' id='word_1_280' title='bbox 228 2353 349 2419; x_wconf 90' lang='lat' dir='ltr'><strong>apponitur</strong></span> <span class='ocrx_word' id='word_1_281' title='bbox 365 2355 498 2420; x_wconf 85' lang='lat' dir='ltr'><strong>plumbum,</strong></span> <span class='ocrx_word' id='word_1_282' title='bbox 510 2369 539 2406; x_wconf 90' lang='lat' dir='ltr'><strong>ne</strong></span> <span class='ocrx_word' id='word_1_283' title='bbox 553 2369 581 2406; x_wconf 83' lang='lat' dir='ltr'><strong>ex</strong></span> <span class='ocrx_word' id='word_1_284' title='bbox 591 2355 752 2422; x_wconf 86' lang='lat' dir='ltr'><strong>liquelactione</strong></span> <span class='ocrx_word' id='word_1_285' title='bbox 763 2359 916 2404; x_wconf 82' lang='lat' dir='ltr'><strong>consumatur.</strong></span> 
     </span>
     <span class='ocr_line' id='line_1_33' title="bbox 119 2424 918 2492; baseline -0.005 -17"><span class='ocrx_word' id='word_1_286' title='bbox 119 2425 183 2476; x_wconf 86' lang='lat' dir='ltr'><strong>Unde</strong></span> <span class='ocrx_word' id='word_1_287' title='bbox 197 2424 248 2474; x_wconf 87' lang='lat' dir='ltr'><strong>edm</strong></span> <span class='ocrx_word' id='word_1_288' title='bbox 260 2425 285 2474; x_wconf 90' lang='lat' dir='ltr'><strong>in</strong></span> <span class='ocrx_word' id='word_1_289' title='bbox 299 2425 463 2478; x_wconf 88' lang='lat' dir='ltr'><strong>resurrectione</strong></span> <span class='ocrx_word' id='word_1_290' title='bbox 473 2430 576 2492; x_wconf 86' lang='lat' dir='ltr'><strong>oporteat</strong></span> <span class='ocrx_word' id='word_1_291' title='bbox 591 2430 695 2476; x_wconf 90' lang='lat' dir='ltr'><strong>naturam</strong></span> <span class='ocrx_word' id='word_1_292' title='bbox 705 2426 829 2476; x_wconf 86' lang='lat' dir='ltr'><strong>humanam</strong></span> <span class='ocrx_word' id='word_1_293' title='bbox 841 2425 867 2474; x_wconf 89' lang='lat' dir='ltr'><strong>in</strong></span> <span class='ocrx_word' id='word_1_294' title='bbox 878 2433 918 2476; x_wconf 84' lang='lat' dir='ltr'><strong>sua</strong></span> 
     </span>
     <span class='ocr_line' id='line_1_34' title="bbox 118 2495 915 2561; baseline -0.001 -15"><span class='ocrx_word' id='word_1_295' title='bbox 118 2495 259 2559; x_wconf 76' lang='lat' dir='ltr'><strong>perfectione</strong></span> <span class='ocrx_word' id='word_1_296' title='bbox 272 2496 385 2560; x_wconf 90' lang='lat' dir='ltr'><strong>reparari,</strong></span> <span class='ocrx_word' id='word_1_297' title='bbox 394 2510 437 2548; x_wconf 89' lang='lat' dir='ltr'><strong>uec</strong></span> <span class='ocrx_word' id='word_1_298' title='bbox 449 2495 510 2548; x_wconf 87' lang='lat' dir='ltr'><strong>calor</strong></span> <span class='ocrx_word' id='word_1_299' title='bbox 520 2497 691 2548; x_wconf 85' lang='lat' dir='ltr'><strong>naturalistunc</strong></span> <span class='ocrx_word' id='word_1_300' title='bbox 700 2497 787 2561; x_wconf 79' lang='lat' dir='ltr'><strong>agatad</strong></span> <span class='ocrx_word' id='word_1_301' title='bbox 795 2509 915 2560; x_wconf 88' lang='lat' dir='ltr'><strong>cousump·</strong></span> 
     </span>
     <span class='ocr_line' id='line_1_35' title="bbox 118 2566 961 2632; baseline -0.002 -16"><span class='ocrx_word' id='word_1_302' title='bbox 118 2566 205 2618; x_wconf 83' lang='lat' dir='ltr'><strong>tionem</strong></span> <span class='ocrx_word' id='word_1_303' title='bbox 223 2567 311 2618; x_wconf 88' lang='lat' dir='ltr'><strong>humidi</strong></span> <span class='ocrx_word' id='word_1_304' title='bbox 325 2568 448 2632; x_wconf 89' lang='lat' dir='ltr'><strong>naturalis,</strong></span> <span class='ocrx_word' id='word_1_305' title='bbox 464 2568 526 2619; x_wconf 90' lang='lat' dir='ltr'><strong>nulla</strong></span> <span class='ocrx_word' id='word_1_306' title='bbox 540 2570 665 2620; x_wconf 83' lang='lat' dir='ltr'><strong>necessitas</strong></span> <span class='ocrx_word' id='word_1_307' title='bbox 683 2568 726 2620; x_wconf 88' lang='lat' dir='ltr'><strong>erit</strong></span> <span class='ocrx_word' id='word_1_308' title='bbox 739 2567 800 2632; x_wconf 88' lang='lat' dir='ltr'><strong>qudd</strong></span> <span class='ocrx_word' id='word_1_309' title='bbox 818 2567 917 2632; x_wconf 77' lang='lat' dir='ltr'><strong>resurrgat</strong></span> <span class='ocrx_word' id='word_1_310' title='bbox 960 2603 961 2614; x_wconf 67' lang='grc'>,</span> 
     </span>
     <span class='ocr_line' id='line_1_36' title="bbox 120 2635 916 2703; baseline 0.001 -17"><span class='ocrx_word' id='word_1_311' title='bbox 120 2636 204 2701; x_wconf 83' lang='lat' dir='ltr'><strong>aliquid</strong></span> <span class='ocrx_word' id='word_1_312' title='bbox 218 2635 241 2688; x_wconf 91' lang='lat' dir='ltr'><strong>in</strong></span> <span class='ocrx_word' id='word_1_313' title='bbox 260 2639 428 2703; x_wconf 81' lang='lat' dir='ltr'><strong>hominequod</strong></span> <span class='ocrx_word' id='word_1_314' title='bbox 449 2653 477 2690; x_wconf 85' lang='lat' dir='ltr'><strong>ex</strong></span> <span class='ocrx_word' id='word_1_315' title='bbox 490 2639 597 2690; x_wconf 91' lang='lat' dir='ltr'><strong>alimento</strong></span> <span class='ocrx_word' id='word_1_316' title='bbox 614 2639 644 2690; x_wconf 90' lang='lat' dir='ltr'><strong>sit</strong></span> <span class='ocrx_word' id='word_1_317' title='bbox 663 2642 814 2701; x_wconf 67' lang='lat' dir='ltr'><strong>generatnme</strong></span> <span class='ocrx_word' id='word_1_318' title='bbox 830 2640 871 2689; x_wconf 89' lang='lat' dir='ltr'><strong>sed</strong></span> <span class='ocrx_word' id='word_1_319' title='bbox 884 2649 916 2687; x_wconf 91' lang='lat' dir='ltr'><strong>re·</strong></span> 
     </span>
     <span class='ocr_line' id='line_1_37' title="bbox 121 2707 917 2772; baseline 0 -14"><span class='ocrx_word' id='word_1_320' title='bbox 121 2711 198 2772; x_wconf 83' lang='lat' dir='ltr'><strong>surget</strong></span> <span class='ocrx_word' id='word_1_321' title='bbox 211 2707 299 2760; x_wconf 88' lang='lat' dir='ltr'><strong>tanldm</strong></span> <span class='ocrx_word' id='word_1_322' title='bbox 315 2709 372 2760; x_wconf 90' lang='lat' dir='ltr'><strong>illud</strong></span> <span class='ocrx_word' id='word_1_323' title='bbox 382 2709 442 2772; x_wconf 88' lang='lat' dir='ltr'><strong>quod</strong></span> <span class='ocrx_word' id='word_1_324' title='bbox 455 2709 499 2760; x_wconf 86' lang='lat' dir='ltr'><strong>luit</strong></span> <span class='ocrx_word' id='word_1_325' title='bbox 512 2710 539 2760; x_wconf 90' lang='lat' dir='ltr'><strong>de</strong></span> <span class='ocrx_word' id='word_1_326' title='bbox 553 2710 649 2760; x_wconf 85' lang='lat' dir='ltr'><strong>veritate</strong></span> <span class='ocrx_word' id='word_1_327' title='bbox 662 2711 768 2760; x_wconf 80' lang='lat' dir='ltr'><strong>numana</strong></span> <span class='ocrx_word' id='word_1_328' title='bbox 785 2713 873 2761; x_wconf 81' lang='lat' dir='ltr'><strong>natura</strong></span> <span class='ocrx_word' id='word_1_329' title='bbox 885 2710 917 2759; x_wconf 92' lang='lat' dir='ltr'><strong>in·</strong></span> 
     </span>
     <span class='ocr_line' id='line_1_38' title="bbox 121 2779 915 2846; baseline 0 -16"><span class='ocrx_word' id='word_1_330' title='bbox 121 2779 209 2830; x_wconf 85' lang='lat' dir='ltr'><strong>dividui</strong></span> <span class='ocrx_word' id='word_1_331' title='bbox 216 2818 225 2844; x_wconf 91' lang='lat'><em>,</em></span> <span class='ocrx_word' id='word_1_332' title='bbox 241 2783 264 2832; x_wconf 92' lang='lat' dir='ltr'><strong>et</strong></span> <span class='ocrx_word' id='word_1_333' title='bbox 278 2795 319 2846; x_wconf 89' lang='lat' dir='ltr'><strong>per</strong></span> <span class='ocrx_word' id='word_1_334' title='bbox 333 2780 469 2832; x_wconf 86' lang='lat' dir='ltr'><strong>decisionem</strong></span> <span class='ocrx_word' id='word_1_335' title='bbox 482 2784 504 2831; x_wconf 91' lang='lat' dir='ltr'><strong>et</strong></span> <span class='ocrx_word' id='word_1_336' title='bbox 524 2781 738 2846; x_wconf 84' lang='lat' dir='ltr'><strong>multiplicationem</strong></span> <span class='ocrx_word' id='word_1_337' title='bbox 750 2781 778 2831; x_wconf 88' lang='lat' dir='ltr'><strong>ad</strong></span> <span class='ocrx_word' id='word_1_338' title='bbox 792 2782 915 2846; x_wconf 77' lang='lat' dir='ltr'><strong>predictam</strong></span> 
     </span>
     <span class='ocr_line' id='line_1_39' title="bbox 120 2849 727 2917; baseline 0 -16"><span class='ocrx_word' id='word_1_339' title='bbox 120 2849 280 2914; x_wconf 85' lang='lat' dir='ltr'><strong>perlectionem</strong></span> <span class='ocrx_word' id='word_1_340' title='bbox 295 2852 399 2917; x_wconf 84' lang='lat' dir='ltr'><strong>pervenit</strong></span> <span class='ocrx_word' id='word_1_341' title='bbox 412 2851 435 2900; x_wconf 93' lang='lat' dir='ltr'><strong>iu</strong></span> <span class='ocrx_word' id='word_1_342' title='bbox 448 2864 542 2903; x_wconf 85' lang='lat' dir='ltr'><strong>numero</strong></span> <span class='ocrx_word' id='word_1_343' title='bbox 556 2857 579 2903; x_wconf 92' lang='lat' dir='ltr'><strong>et</strong></span> <span class='ocrx_word' id='word_1_344' title='bbox 593 2854 727 2917; x_wconf 87' lang='lat' dir='ltr'><strong>quantitate.</strong></span> 
     </span>
    </p>
   </div>
   <div class='ocr_carea' id='block_1_3' title="bbox 0 0 978 3318">
    <p class='ocr_par' dir='ltr' id='par_1_5' title="bbox 0 0 978 3318">
     <span class='ocr_line' id='line_1_40' title="bbox 0 0 978 3318; baseline 0 0"><span class='ocrx_word' id='word_1_345' title='bbox 0 0 978 3318; x_wconf 95' lang='lat' dir='ltr'><strong> </strong></span> 
     </span>
    </p>
   </div>
  </div>
 </body>
</html>
