1958 3314
125 152 159 190 nn
169 150 268 197 arcura
283 151 312 190 nr
326 151 533 195 numentinum
543 153 575 192 nx
589 151 621 194 aa
634 151 787 201 madalona.
810 147 856 196 aas

55 228 138 280 sessile
150 267 157 290 ,
167 233 203 280 est
213 229 335 281 multitudo
350 229 474 280 secuudum
487 231 552 297 quid.
569 231 599 282 Et
611 229 663 282 ideo
676 242 723 282 non
737 232 798 286 tollit
810 233 856 296 sig·

55 299 206 352 nificationem
227 301 366 352 sacramenti
384 302 499 364 totaliter,
513 315 556 354 neo
573 307 739 354 sacramentum
758 307 855 362 euacuat

54 371 161 436 quantim
175 374 203 424 ad
218 372 255 424 sui
264 375 402 439 essentiam,
415 375 456 425 sed
468 374 578 440 manlium
590 375 664 428 adsui
677 375 851 440 perfectionem,

6 435 8 452 ¹
54 457 100 506 quac
117 444 240 508 requiritur
252 445 278 496 in
291 445 387 511 illisqui
400 449 455 500 suot
468 451 660 500 sacramentorum
675 447 853 514 dispensatores.

79 515 112 565 nd
135 518 260 570 seeundum
281 517 417 580 dicendum,
432 517 493 582 qudd
513 519 618 583 quamuis
640 519 670 570 sit
684 517 709 570 in
722 519 853 570 fornicariis

51 586 142 650 mq'oris
150 589 344 654 concupiscentiae
358 591 463 654 signum,
473 603 520 640 non
528 594 606 642 tamen
618 590 809 656 eoncupiscentia
819 589 853 644 ita

51 657 202 724 adherentis3
220 661 274 725 quia
287 675 329 726 per
345 661 517 714 fornicationem
534 675 593 712 onus
611 660 678 714 alteri
694 674 742 713 non
758 661 784 712 in
800 673 854 727 per·

51 735 141 793 potuum
154 733 315 797 ,obligatunlit
326 733 376 786 ideo
388 748 435 787 non
444 737 479 786 εει
491 734 593 786 deiedos
607 733 757 786 sacramenti.

6 797 7 802 ’
80 803 214 854 intertium
226 804 361 866 dicendum,
370 805 430 869 quod
441 805 596 856 sioutdictum
607 809 654 872 est,
666 803 766 868 bigamia
775 808 854 857 camai

50 872 251 942 irregularitatem,
263 878 289 928 in
310 881 423 942 qnantum
438 878 499 928 tollit
518 877 641 942 perfectam
660 875 852 940 significationem
897 877 898 882 ’

50 947 201 1012 sacramenti3
218 963 268 1012 quae
280 951 372 1014 quidem
389 950 495 1002 consistit
505 955 530 1002 et
546 950 571 1001 in
588 949 750 1012 conjunctione
763 947 852 1000 animo-

50 1032 104 1082 rum,
114 1035 168 1085 quae
182 1023 207 1078 iit
219 1035 261 1086 per
275 1027 456 1085 consensuum
467 1023 668 1088 inconjunctioue
680 1034 811 1086 corporum.
822 1021 853 1074 lit

49 1089 95 1144 ideo
107 1095 198 1146 ratione
218 1094 337 1160 utriusqus
352 1096 419 1146 simul
431 1096 521 1160 oportet
530 1107 581 1146 esse
596 1093 718 1158 bigamiam
733 1107 784 1158 qnae
795 1092 852 1144 irre·

50 1164 188 1226 maritalem
206 1165 282 1224 iaciat.
305 1167 371 1218 Unde
385 1179 426 1230 par
448 1167 589 1220 llecretalcm
607 1163 736 1216 innocentii
749 1165 794 1228 lli,
812 1164 852 1214 ob-

49 1235 118 1286 viatur
131 1238 154 1288 ei
172 1237 234 1302 quod
249 1238 356 1302 Magium
368 1238 393 1292 iu
408 1239 485 1292 littera
505 1237 561 1290 dicit
575 1237 632 1303 (IV.
644 1237 725 1293 Seni..
741 1236 795 1286 dist.
810 1238 856 1296 ει·
919 1303 921 1310 Α

49 1305 101 1372 §to
112 1309 132 1375 ),
148 1311 241 1362 scilicet
263 1309 323 1374 quod
340 1311 401 1362 solus
416 1324 544 1362 consensus
560 1323 602 1376 per
619 1309 689 1364 uerba
705 1309 733 1362 de
744 1305 852 1374 prasenti

50 1381 128 1434 sufficit
145 1383 177 1434 ad
187 1381 378 1448 irregularitatem
390 1383 551 1436 inducendam.

257 1568 262 1574 ’
329 1563 502 1624 εειιεειυε
520 1563 551 1642 rr.

6 1749 7 1754 ,
53 1697 133 1742 oleam
148 1697 324 1756 irregularitas
335 1697 367 1743 sit
382 1709 479 1744 conseo
496 1694 607 1754 &gemitu
621 1705 673 1752 quo
686 1691 804 1750 meopte
821 1704 851 1737 ee

6 1755 8 1804 t
71 1761 266 1880 legemqgeldnlleco'rgee
275 1760 413 1807 looictdueo
422 1771 525 1818 meres,
540 1769 616 1844 uuam
633 1756 739 1814 dejure,
753 1759 777 1800 el
786 1755 853 1801 otte-v

75 1961 107 2012 td
120 1962 248 2013 secundum
258 1960 297 2016 sie
307 1960 446 2026 proceditur.
457 1960 551 2012 uidetur
564 1957 625 2023 quod
638 1955 792 2021 irregularitas
801 1969 847 2008 nen

49 2031 74 2082 sit
87 2046 180 2086 annexa
193 2033 298 2098 bigamiae
313 2049 364 2100 quac
383 2034 496 2098 contingit
513 2045 542 2084 en
561 2033 604 2083 hoc
618 2030 678 2096 quod
697 2031 765 2081 homo
778 2029 848 2080 halet

49 2103 100 2156 duas
121 2117 209 2156 uxores
227 2105 295 2158 simul
313 2106 351 2157 uel
369 2104 595 2166 accusaverim
613 2104 641 2154 de
654 2103 722 2166 jure,
736 2101 802 2152 aliam
819 2102 847 2151 da

48 2175 111 2228 iaco.
124 2179 187 2238 Quia
199 2178 239 2228 ubi
252 2177 342 2230 nudum
355 2182 391 2230 εει
404 2180 586 2238 sacramentum,
598 2177 729 2238 nonpotest
740 2185 792 2224 esse
805 2173 850 2223 de·

49 2246 115 2300 lectus
127 2248 276 2302 sacramenti.
292 2249 339 2301 Sed
356 2249 446 2314 qnando
458 2247 541 2312 aliquis
553 2245 667 2298 contrahit
679 2246 708 2296 de
719 2243 780 2294 iacto
793 2257 847 2323 cum

49 2317 135 2384 aliqua,
148 2325 173 2376 et
182 2335 229 2372 non
239 2323 267 2372 de
277 2320 340 2387 jure,
351 2335 398 2374 nou
408 2325 444 2372 est
453 2319 485 2371 ibi
498 2319 591 2383 aliquod
604 2319 847 2380 sacramentumque

51 2391 95 2442 talis
110 2393 243 2457 conjunctio
262 2407 309 2445 non
324 2393 438 2456 significat
453 2390 640 2456 conjunctionem
657 2386 744 2468 Christi
762 2385 790 2436 ed
804 2387 847 2436 iio-

50 2462 146 2516 clesiam.
161 2465 236 2530 Ergo,
251 2464 303 2516 cdm
318 2465 472 2529 irregularitas
486 2477 533 2516 non
552 2464 703 2524 consequatur
721 2458 846 2538 bigamiam

49 2533 89 2584 nisi
101 2539 196 2602 propter
214 2535 328 2595 deiectum
345 2537 502 2597 sacramenti,
517 2533 608 2586 uidetm
621 2529 681 2597 qudi
695 2531 763 2581 talem
784 2529 850 2594 orga-

50 2605 112 2656 miam
125 2607 281 2672 irregularitas
295 2621 341 2668 non
354 2611 515 2672 consequatur.

76 2681 99 2726 2.
113 2680 245 2743 preterea,
261 2679 342 2742 aliquis
360 2681 471 2730 accedens
485 2680 513 2729 ad
530 2678 593 2730 illam
607 2689 659 2728 curn
676 2687 720 2740 qna
734 2673 848 2726 contrahit

50 2745 75 2797 dc
86 2747 146 2801 iacto
157 2755 181 2802 et
194 2762 240 2802 non
255 2749 283 2801 de
297 2749 349 2811 jore
361 2787 372 2814 ‚,
380 2749 501 2802 committit
511 2747 685 2800 fornicationem
696 2785 703 2810 ,
716 2746 737 2797 si
750 2758 796 2797 non
808 2746 850 2795 lra-

49 2817 98 2870 leat
109 2823 209 2888 aliquam
223 2835 319 2876 uxorem
334 2822 477 2886 legitimam
493 2821 531 2872 uel
551 2817 700 2884 adulterium,
713 2818 734 2870 si
755 2818 848 2868 nahem.

50 2890 91 2944 sed
106 2893 207 2948 liuidus
228 2907 321 2950 caruem
341 2907 406 2948 suam
425 2895 451 2946 in
468 2894 546 2960 plures
563 2903 605 2957 per
623 2889 798 2944 fornicationem
814 2879 853 2939 uel
971 2905 972 2976 ζ

157 3005 211 3048 aur.
728 2992 742 3040 8
