1998 3326
231 165 262 202 nn
279 165 444 204 rmmrmno
459 166 698 208 eonsasemrrmarrs.
822 163 869 215 ω

52 252 126 304 usque
143 240 176 290 ad
194 244 301 304 qnarornn
316 242 412 304 gradum
426 241 484 294 dicta
498 245 621 308 prohibitio
636 252 673 298 est
683 247 803 311 ewice,
818 252 867 302 tuni

49 309 103 372 qnia
118 324 199 374 usqne
215 311 243 359 ad
259 315 363 372 quartam
377 313 545 373 generationem
560 316 666 366 domines
680 318 758 370 vivere
771 331 868 373 consue·

51 385 156 444 rerunt,
171 387 198 432 ut
216 384 250 432 sic
268 395 313 432 non
327 384 401 445 possit
414 384 621 448 consanguinitatis
638 387 748 439 memoria
762 389 866 453 aboleri;

52 453 190 504 nndeDeus
200 470 215 500 c
225 454 251 502 in
270 454 362 504 tentiam
377 459 402 504 et
417 459 520 516 quartem
535 457 706 520 generationem
720 464 812 523 peecata
827 474 871 524 pa·

53 527 152 573 rentum
173 537 198 573 se
221 523 366 574 visitaturum
383 526 407 573 iu
429 525 481 575 tiliis
498 543 511 574 o
524 527 688 592 comminatum
706 537 753 580 tum
772 531 824 594 quia
843 531 869 584 in

53 595 163 659 qnalibet
179 594 345 658 generatione,
364 608 421 645 nora
443 596 521 647 mixtio
535 598 654 660 sanguinis
671 600 746 663 (cujus
760 601 868 656 identitas

54 665 283 728 consanguinitatem
294 666 349 715 lacit
358 666 409 728 qut
425 681 476 716 curn
490 669 601 732 sauguine
616 671 706 732 alieno,
723 675 746 722 et
759 671 871 735 quantuor

53 737 171 787 miscetur
191 737 256 787 alieri
264 773 273 800 ‚
288 736 378 787 tantiam
395 737 507 788 receditur
525 739 537 788 a
552 740 633 803 primo.
647 743 673 792 itt
684 742 737 806 quia
755 743 873 796 elementa

53 811 108 858 snnt
123 810 235 871 quatuor,
250 821 347 871 qnorum
361 809 475 871 quodlibet
492 810 556 860 tanti)
571 811 663 862 saciliirs
686 817 722 862 est
741 814 868 875 miscilriier

55 878 149 940 quanto
159 883 195 928 est
209 878 281 941 magis
295 879 453 939 subtiie‚ideo
463 879 488 930 irr
497 881 739 944 grimacommirtione
752 885 870 938 orruerit

56 947 184 1012 sanguinis
198 949 307 999 identitas
323 949 433 1013 qrrantdm
448 952 477 1000 ad
489 965 586 1014 primum
600 954 738 1004 elementum
749 956 824 1018 ‚quod
834 961 872 1008 aet

55 1019 254 1084 subtilissimum
270 1021 295 1072 iu
313 1022 429 1085 secunda,
444 1021 554 1085 quantiam
576 1025 605 1075 ad
623 1026 763 1088 secundum
774 1027 803 1076 in
822 1032 869 1078 ter·

58 1091 110 1151 iia,
126 1090 239 1152 quantiam
257 1093 286 1140 ad
303 1091 412 1153 tertium3
432 1092 455 1142 iu
471 1097 565 1156 quarta,
584 1094 693 1157 quautdm
713 1096 742 1147 ad
753 1101 870 1159 quantun.

58 1161 90 1211 Et
99 1162 136 1211 sic
148 1163 315 1212 conuenienter
328 1166 381 1226 post
392 1168 495 1226 quartam
505 1165 674 1227 generationem
682 1170 758 1230 potest
767 1167 871 1220 reiterari

58 1231 159 1283 carnalis
177 1233 322 1298 coniunctio.

93 1306 128 1355 dd
139 1305 239 1368 primunr
253 1317 308 1365 ergo
319 1303 449 1367 dicendum,
459 1305 528 1368 qudd,
539 1306 600 1358 sicot
608 1308 668 1358 Deus
682 1308 870 1371 nonjungitilloe

62 1375 102 1440 qni
116 1377 291 1439 conjunguntur
306 1380 386 1426 contre
400 1376 502 1426 diuinum
521 1382 675 1442 qraeceptnm,
687 1379 719 1430 ita
735 1392 777 1430 nee
792 1379 871 1444 jungit

63 1448 117 1499 ilios
133 1447 173 1510 qui
182 1448 355 1511 coniunguntur
363 1452 440 1496 contra
455 1447 563 1499 Ecclesiae
572 1450 792 1514 praeceptumque
801 1451 873 1504 nane

64 1519 172 1569 eamdem
184 1516 298 1580 obligandi
309 1516 433 1568 eldcaciarrr
445 1531 512 1582 quam
524 1520 593 1570 habet
607 1521 709 1572 divinum
719 1525 869 1585 preceptum.

95 1589 132 1638 nd
148 1588 274 1639 secundnm
285 1587 416 1649 dicendum,
424 1588 484 1652 qudd
496 1589 664 1640 matrimonium
677 1605 724 1642 non
734 1591 822 1642 tantiam
835 1593 871 1646 est

64 1663 252 1722 sacramentnm,
269 1660 307 1710 sed
321 1659 389 1710 etiarn
402 1663 438 1710 est
452 1659 476 1710 in
490 1658 599 1712 olticium.
615 1662 644 1711 Ei
656 1661 707 1711 ideo
728 1662 801 1724 magis
814 1663 871 1715 suir-

66 1731 130 1794 jacet
148 1731 286 1782 ordinationi
305 1730 460 1782 ministrorum
474 1731 583 1782 Ecclesia
598 1731 665 1795 quam
678 1732 815 1796 baptismus,
832 1731 873 1796 qui

13 1809 14 1818 ¹
66 1805 103 1854 cst
116 1806 282 1852 sacramentum
293 1800 396 1862 tantiam,
411 1800 473 1865 quia,
487 1801 546 1852 siem
557 1807 686 1854 contractus
700 1808 723 1853 et
737 1803 812 1854 officie
826 1805 871 1856 iru-

69 1885 140 1922 mana
151 1872 333 1924 determinantur
346 1871 433 1936 legibus
443 1873 558 1937 numanis,
572 1873 604 1924 ita
613 1879 744 1926 contradus
757 1880 780 1926 et
795 1875 873 1930 ordea

69 1944 198 2008 spiritualia
209 1945 260 2007 lege
274 1946 390 1996 Ecclesia.

101 2017 135 2068 Ad
147 2016 238 2066 matium
256 2017 386 2078 dicendum,
396 2017 469 2080 qudd,
483 2016 589 2081 quamuis
602 2018 806 2082 consanguinitatis
817 2019 871 2070 vin·

70 2087 148 2138 cuium
155 2089 186 2138 sit
195 2088 309 2147 naturaie,
317 2092 395 2138 tamen
406 2102 451 2138 noo
460 2093 496 2140 est
504 2090 605 2140 naturale
613 2089 672 2152 qudd
684 2089 873 2154 consanguinitas

69 2160 182 2209 carnalem
197 2158 300 2222 copulam
312 2159 437 2224 impediat,
451 2160 497 2209 nisi
512 2159 636 2210 secundirm
650 2160 749 2223 aliquem
766 2161 871 2224 gradum,

69 2234 94 2280 nt
109 2230 240 2280 dictumest
256 2230 315 2293 (art.
332 2230 374 2293 3).
389 2231 419 2279 Et
432 2231 481 2280 ideo
496 2230 596 2280 Ecclesia
609 2245 650 2282 suo
664 2235 750 2282 statuto
761 2243 807 2280 non
816 2229 873 2280 iacit

72 2301 133 2365 quod
145 2301 214 2364 aliqui
232 2301 279 2350 sint
297 2300 333 2350 rei
348 2313 394 2350 non
411 2296 456 2350 sint
477 2301 658 2366 consanguinei,
672 2301 725 2364 qnia
748 2299 874 2351 secundiore

72 2384 140 2423 omne
162 2375 252 2437 tempus
275 2371 392 2435 aequaliter
411 2373 575 2435 consanguinei
601 2375 735 2434 remanent,
756 2372 796 2422 sed
816 2369 874 2421 iacit

73 2443 131 2508 qudd
145 2443 241 2494 carnaiis
258 2443 339 2508 copula
358 2443 388 2496 sic
400 2443 464 2494 licita
475 2443 511 2492 rel
525 2443 619 2506 illicita,
635 2442 760 2493 secunddm
782 2441 874 2494 diverse

73 2520 188 2580 tempora,
203 2515 228 2564 in
243 2513 339 2564 dirersis
351 2515 458 2576 gradihus
471 2511 683 2576 consanguinitatis.

105 2589 137 2639 dd
152 2591 259 2651 qnantum
270 2585 391 2636 dicendum
401 2585 474 2650 ,qnd'd
487 2585 544 2636 tales
555 2585 654 2636 rationes
666 2585 788 2649 assignate
801 2584 875 2648 magis

75 2661 151 2712 dantur
163 2673 206 2726 pen
220 2658 314 2708 modum
334 2656 462 2720 adeptionis
476 2661 500 2707 et
511 2656 680 2720 congrueniia,
693 2656 761 2720 qnam
775 2670 815 2721 per
824 2668 874 2706 mo·

74 2733 123 2784 dnn
138 2746 212 2784 cansae
224 2734 250 2782 et
268 2728 424 2780 necessitatis.

103 2808 134 2860 ld
147 2806 257 2871 quintum
273 2800 413 2861 dicendum¹
430 2799 489 2864 quod
503 2812 549 2850 non
562 2803 598 2850 est
611 2800 689 2852 eadem
707 2811 774 2850 eausa
793 2811 875 2850 secun

14 2881 15 2936 i
78 2878 124 2931 din
139 2880 233 2932 diversa
245 2878 348 2936 tempora
357 2872 440 2934 gradus
446 2869 652 2936 consanguinitatis
658 2869 801 2934 molliendi.
811 2869 876 2918 Unde
