1966 3304
38 59 42 168 l

330 137 361 176 DE
376 135 474 176 ntimo
487 137 596 176 emir.
813 127 864 184 ,2¹78

94 216 125 267 lld
134 213 230 265 tertium
240 213 377 278 dicendum,
391 213 450 278 quod
462 212 571 265 sterilitas
580 215 603 264 et
615 210 659 264 elia
669 212 800 276 hujusmodi
810 217 863 266 eunt

65 299 131 338 cause
147 286 210 349 odii3
227 289 251 337 et
261 286 294 336 sio
309 289 363 337 eunt
375 298 450 336 cansa
465 289 567 337 remotae.

89 360 122 409 ld
139 360 248 424 quartum
264 357 398 420 dicendum,
413 357 474 420 qnbd
490 359 583 421 propter
593 355 702 408 uirtutm
715 367 762 408 non
773 361 809 408 est
821 356 861 407 ali-

77 431 113 480 uis
122 429 230 493 odibilis,
243 441 320 494 perse
332 427 461 492 loquendo,
475 427 531 492 quia
543 427 635 480 bonitas
644 441 713 486 musa
722 431 758 480 est
766 429 860 482 amoris.

59 444 85 551 Et
98 502 152 553 ideo
167 501 225 552 ratio
239 513 285 552 non
299 500 410 565 sequitur.

85 574 120 626 ld
135 573 243 639 quintum
261 571 398 633 dicendum,
412 570 472 636 quod
485 571 530 621 boc
547 571 640 622 dabatur
650 571 676 622 in
690 584 781 637 poenam
798 571 858 636 uiri,

57 645 114 710 qndd
124 658 175 696 non
184 647 263 709 posset
275 643 300 694 in
310 647 444 708 perpetuum
455 641 574 707 repudiare
590 656 684 694 uxorem
697 643 722 696 in
739 656 792 696 casu
804 643 854 708 illo,

57 720 112 770 eleut
122 719 198 772 etium
209 717 235 768 in
244 717 290 769 alio
302 729 365 781 casu,
379 715 469 781 quaudo
479 714 580 780 puellam
590 715 748 768 defloraverat.

341 897 501 952 indiculos
515 897 566 949 vti.

132 1024 222 1070 Uirum
237 1035 313 1070 cooroe
322 1023 415 1080 repudii
431 1023 542 1070 deberent
556 1023 583 1069 io
597 1024 676 1070 libello
690 1024 770 1070 scribi.

79 1156 112 1207 lld
129 1155 256 1220 septimum
271 1152 303 1204 sic
325 1153 462 1219 proceditur.
476 1153 570 1205 Videtur
586 1154 646 1220 quod
667 1167 742 1206 cause
760 1157 851 1222 repudii

51 1226 164 1280 debebant
177 1227 203 1277 in
217 1225 293 1278 libello
308 1225 386 1276 scribi.
400 1226 456 1284 Quia
468 1239 509 1290 per
522 1226 625 1278 libellum
637 1227 727 1292 repudii
737 1229 849 1292 scriptum

50 1297 142 1364 lpoene
158 1299 218 1363 legis
229 1298 396 1350 absolvebatur.
406 1299 450 1349 Sed
467 1299 510 1350 boc
523 1299 615 1351 omnino
625 1299 715 1351 uidetur
727 1299 848 1364 iniustum,

49 1372 90 1422 nisi
109 1373 190 1424 censis
206 1370 370 1422 scindentibus
386 1371 475 1437 repudii
492 1371 626 1436 assignatis.
640 1372 699 1434 Ergo
715 1371 765 1422 illue
784 1385 849 1437 opor-

50 1443 107 1495 tebat
122 1443 227 1496 seribere
239 1442 264 1492 in
281 1441 367 1494 libello.
864 1451 869 1463 ⁴

74 1520 98 1566 i.
114 1518 246 1576 preterea,
261 1514 288 1564 ad
306 1513 363 1564 nihil
376 1514 437 1566 aliud
449 1513 489 1566 illa
508 1515 621 1581 scriptura
632 1513 708 1566 velere
718 1515 846 1580 ridebatur,

48 1586 89 1638 nisi
99 1592 126 1640 ut
138 1598 217 1638 cause
229 1585 317 1650 repudii
330 1587 509 1638 ostenderentur.
519 1587 587 1651 lingo,
600 1586 620 1638 ei
631 1599 678 1638 noo
687 1587 846 1640 inscribeban-

47 1660 87 1720 tm,
100 1659 188 1710 trustra
201 1657 293 1708 libellus
305 1657 343 1707 ille
354 1657 493 1709 tradebatur.

73 1735 96 1782 ³.
111 1731 238 1791 preterea,
252 1729 296 1780 boc
308 1727 414 1792 Megisten
427 1728 482 1780 dicit
495 1728 521 1780 in
532 1726 615 1780 littera.

72 1803 117 1856 Sed
136 1803 230 1864 contro,
243 1811 317 1850 cause
332 1799 422 1864 repudii
434 1804 474 1871 aut
486 1803 552 1851 erant
566 1800 722 1866 sufficientes,
733 1806 773 1854 aut
788 1816 843 1858 nou.

45 1868 66 1924 Si
75 1873 231 1935 sufficientes,
243 1871 420 1936 praeludebatur
432 1871 522 1923 moberi
530 1870 569 1922 uia
580 1873 608 1923 ed
618 1873 731 1924 secundus
741 1877 845 1941 nuptias,

45 1959 91 2008 ene
108 1947 132 1998 ei
143 1943 271 1996 secundim
285 1945 358 2007 legem
371 1944 566 2010 concedebautnr;
581 1945 601 1995 si
615 1949 691 1996 aulem
705 1947 846 2000 insufficien-

45 2021 89 2082 tes,
107 2015 273 2070 ostendebatur
292 2010 404 2080 injustum
418 2016 553 2081 repudinm3
568 2020 592 2067 et
609 2017 643 2068 sic
656 2019 775 2082 repudium
794 2019 843 2070 fieri

45 2101 87 2140 ron
104 2091 204 2156 poterat.
218 2087 278 2151 llrgo
295 2086 358 2139 nullo
376 2087 443 2138 modo
457 2099 533 2140 cause
550 2087 638 2154 repudii
660 2090 693 2140 ibi
707 2089 732 2140 io
749 2089 844 2155 speciali

45 2163 208 2214 scribebantur.

72 2233 230 2298 (Couccosro.
239 2228 353 2284 -Cauee
372 2227 461 2293 repudii
477 2243 524 2281 nou
537 2231 627 2296 quidem
642 2231 665 2282 in
679 2230 785 2296 speciali,
800 2232 840 2284 sed

43 2300 63 2353 io
79 2317 180 2368 genere,
194 2302 220 2352 in
232 2300 308 2352 libello
327 2301 416 2366 repudii
435 2301 605 2368 scribebantur,
621 2307 646 2354 ut
662 2302 726 2354 mort
738 2303 842 2356 interue-

44 2375 133 2438 niente,
145 2378 171 2425 et
180 2371 305 2428 scribarum
321 2371 417 2424 consilio
435 2373 593 2441 dissuadente,
606 2375 641 2426 rir
652 2376 665 2425 l
675 2374 790 2440 proposito
801 2389 838 2427 re-

43 2445 148 2508 pudiaudi
161 2441 310 2506 desisteret.)

70 2518 206 2584 despondeo
225 2515 354 2580 dicendum,
368 2515 429 2580 quid
446 2527 520 2568 cause
536 2515 625 2582 repudii
639 2517 664 2568 in
680 2516 774 2583 speciali
788 2533 835 2573 nou

42 2589 193 2640 scribebantur
206 2587 231 2636 in
241 2585 329 2651 libello,
342 2586 413 2638 sedin
425 2589 534 2652 generali,
543 2595 569 2638 uo
580 2591 737 2640 ostenderetur
745 2591 834 2656 justum

41 2661 169 2724 repudium3
181 2659 230 2722 sed,
238 2657 365 2710 secundim
373 2657 505 2723 templium,
515 2664 541 2710 ut
550 2659 724 2712 mulierhabens
732 2663 832 2714 libellum

41 2732 191 2796 conscriptum
205 2729 233 2780 de
248 2730 356 2795 repudio,
371 2730 437 2781 alteri
451 2731 537 2782 nubere
555 2735 648 2795 posset3
663 2733 718 2784 aliis
736 2734 797 2784 enim
809 2737 831 2784 ei

40 2803 146 2854 creditum
159 2813 207 2854 non
217 2801 311 2864 tuisset3
321 2801 415 2854 undein
423 2815 451 2854 eo
460 2805 508 2852 erat
521 2803 692 2868 scriptumne,
705 2804 828 2856 secundnm

40 2884 107 2928 euro:
123 2872 257 2927 uProuritto
269 2872 379 2940 ibiquod
391 2886 507 2939 nunquam
515 2877 591 2925 tecum
598 2876 762 2928 conveniam.»
771 2875 827 2942 sed,
