<?xml version="1.0" encoding="UTF-8"?>
<!DOCTYPE html PUBLIC "-//W3C//DTD XHTML 1.0 Transitional//EN"
    "http://www.w3.org/TR/xhtml1/DTD/xhtml1-transitional.dtd">
<html xmlns="http://www.w3.org/1999/xhtml" xml:lang="en" lang="en">
 <head>
  <title>
</title>
<meta http-equiv="Content-Type" content="text/html;charset=utf-8" />
  <meta name='ocr-system' content='tesseract 3.04.00' />
  <meta name='ocr-capabilities' content='ocr_page ocr_carea ocr_par ocr_line ocrx_word'/>
</head>
<body>
  <div class='ocr_page' id='page_1' title='image "./summatheologica06nicogoog_0030.png"; bbox 0 0 1980 3320; ppageno 0'>
   <div class='ocr_carea' id='block_1_1' title="bbox 144 195 812 272">
    <p class='ocr_par' dir='ltr' id='par_1_1' title="bbox 144 195 812 272">
     <span class='ocr_line' id='line_1_1' title="bbox 144 195 812 272; baseline -0.003 -12"><span class='ocrx_word' id='word_1_1' title='bbox 144 195 179 260; x_wconf 61' lang='lat' dir='ltr'><strong>ii</strong></span> <span class='ocrx_word' id='word_1_2' title='bbox 294 212 498 272; x_wconf 81' lang='lat' dir='ltr'><strong>snsrunrrsrrrorr,</strong></span> <span class='ocrx_word' id='word_1_3' title='bbox 515 219 609 266; x_wconf 78' lang='lat' dir='ltr'><strong>onusn.</strong></span> <span class='ocrx_word' id='word_1_4' title='bbox 630 221 703 268; x_wconf 74' lang='lat' dir='ltr'><strong>usur,</strong></span> <span class='ocrx_word' id='word_1_5' title='bbox 723 221 779 258; x_wconf 80' lang='lat' dir='ltr'><strong>aar.</strong></span> <span class='ocrx_word' id='word_1_6' title='bbox 795 223 812 258; x_wconf 85' lang='lat' dir='ltr'><strong>r.</strong></span> 
     </span>
    </p>
   </div>
   <div class='ocr_carea' id='block_1_2' title="bbox 144 295 985 506">
    <p class='ocr_par' dir='ltr' id='par_1_2' title="bbox 144 295 985 506">
     <span class='ocr_line' id='line_1_2' title="bbox 157 295 964 364; baseline 0.001 -15"><span class='ocrx_word' id='word_1_7' title='bbox 157 295 161 302; x_wconf 85' lang='lat'>&#39;</span> <span class='ocrx_word' id='word_1_8' title='bbox 177 297 246 350; x_wconf 79' lang='lat' dir='ltr'><strong>Circa</strong></span> <span class='ocrx_word' id='word_1_9' title='bbox 261 298 360 362; x_wconf 91' lang='lat' dir='ltr'><strong>primum</strong></span> <span class='ocrx_word' id='word_1_10' title='bbox 379 301 510 362; x_wconf 76' lang='lat' dir='ltr'><strong>quaruntur</strong></span> <span class='ocrx_word' id='word_1_11' title='bbox 528 299 570 350; x_wconf 88' lang='lat' dir='ltr'><strong>tria</strong></span> <span class='ocrx_word' id='word_1_12' title='bbox 583 299 637 364; x_wconf 74' lang='grc' dir='ltr'><strong>(ηε</strong></span> <span class='ocrx_word' id='word_1_13' title='bbox 653 298 680 348; x_wconf 77' lang='lat'><strong>1⁰</strong></span> <span class='ocrx_word' id='word_1_14' title='bbox 693 297 753 356; x_wconf 85' lang='lat' dir='ltr'><strong>ouirl</strong></span> <span class='ocrx_word' id='word_1_15' title='bbox 768 297 815 350; x_wconf 92' lang='lat' dir='ltr'><strong>sint</strong></span> <span class='ocrx_word' id='word_1_16' title='bbox 828 297 964 362; x_wconf 75' lang='lat' dir='ltr'>sponsalia,</span> 
     </span>
     <span class='ocr_line' id='line_1_3' title="bbox 145 367 985 491; baseline 0.005 -71"><span class='ocrx_word' id='word_1_17' title='bbox 145 373 174 420; x_wconf 71' lang='lat'><strong>2⁰</strong></span> <span class='ocrx_word' id='word_1_18' title='bbox 182 369 330 491; x_wconf 30' lang='lat' dir='ltr'><strong>Quuitpossint</strong></span> <span class='ocrx_word' id='word_1_19' title='bbox 343 372 476 422; x_wconf 80' lang='lat' dir='ltr'><strong>contrahere</strong></span> <span class='ocrx_word' id='word_1_20' title='bbox 492 369 615 436; x_wconf 74' lang='lat' dir='ltr'><strong>sponsalia.</strong></span> <span class='ocrx_word' id='word_1_21' title='bbox 628 367 740 420; x_wconf 55' lang='lat' dir='ltr'><strong>viltrum</strong></span> <span class='ocrx_word' id='word_1_22' title='bbox 753 368 868 434; x_wconf 81' lang='lat' dir='ltr'>sponsalia</span> <span class='ocrx_word' id='word_1_23' title='bbox 879 369 966 424; x_wconf 86' lang='lat' dir='ltr'><strong>dirimi</strong></span> <span class='ocrx_word' id='word_1_24' title='bbox 984 371 985 374; x_wconf 71' lang='grc'>’</span> 
     </span>
     <span class='ocr_line' id='line_1_4' title="bbox 144 451 243 506; baseline -0.04 -12"><span class='ocrx_word' id='word_1_25' title='bbox 144 451 223 506; x_wconf 85' lang='lat' dir='ltr'><strong>possm</strong></span> <span class='ocrx_word' id='word_1_26' title='bbox 236 476 243 491; x_wconf 90' lang='lat'><em>.</em></span> 
     </span>
    </p>
   </div>
   <div class='ocr_carea' id='block_1_3' title="bbox 444 547 642 600">
    <p class='ocr_par' dir='ltr' id='par_1_3' title="bbox 444 547 642 600">
     <span class='ocr_line' id='line_1_5' title="bbox 444 547 642 600; baseline 0 -2"><span class='ocrx_word' id='word_1_27' title='bbox 444 547 606 600; x_wconf 77' lang='lat' dir='ltr'><strong>aaalcollls</strong></span> <span class='ocrx_word' id='word_1_28' title='bbox 621 549 642 598; x_wconf 91' lang='lat'><strong>1.</strong></span> 
     </span>
    </p>
   </div>
   <div class='ocr_carea' id='block_1_4' title="bbox 173 669 925 736">
    <p class='ocr_par' dir='ltr' id='par_1_4' title="bbox 173 669 925 736">
     <span class='ocr_line' id='line_1_6' title="bbox 173 669 925 736; baseline 0.003 -18"><span class='ocrx_word' id='word_1_29' title='bbox 173 669 261 718; x_wconf 74' lang='lat' dir='ltr'><strong>Utuim</strong></span> <span class='ocrx_word' id='word_1_30' title='bbox 277 672 397 736; x_wconf 72' lang='lat' dir='ltr'><em>sponsalia</em></span> <span class='ocrx_word' id='word_1_31' title='bbox 414 671 465 718; x_wconf 81' lang='lat' dir='ltr'><strong>sini</strong></span> <span class='ocrx_word' id='word_1_32' title='bbox 477 672 623 730; x_wconf 76' lang='lat' dir='ltr'><strong>saturarum</strong></span> <span class='ocrx_word' id='word_1_33' title='bbox 639 671 779 728; x_wconf 73' lang='lat' dir='ltr'><strong><em>nuptiarum</em></strong></span> <span class='ocrx_word' id='word_1_34' title='bbox 790 671 925 730; x_wconf 68' lang='lat' dir='ltr'><strong>mouaiaaio.</strong></span> 
     </span>
    </p>
   </div>
   <div class='ocr_carea' id='block_1_5' title="bbox 141 791 985 2852">
    <p class='ocr_par' dir='ltr' id='par_1_5' title="bbox 142 791 963 1218">
     <span class='ocr_line' id='line_1_7' title="bbox 177 791 954 862; baseline 0.001 -13"><span class='ocrx_word' id='word_1_35' title='bbox 177 791 211 849; x_wconf 83' lang='lat' dir='ltr'><strong>li</strong></span> <span class='ocrx_word' id='word_1_36' title='bbox 223 797 322 862; x_wconf 88' lang='lat' dir='ltr'><strong>primurn</strong></span> <span class='ocrx_word' id='word_1_37' title='bbox 337 797 371 848; x_wconf 91' lang='lat' dir='ltr'><strong>sio</strong></span> <span class='ocrx_word' id='word_1_38' title='bbox 384 796 624 862; x_wconf 83' lang='lat' dir='ltr'><strong>proceditur.llidetrrr</strong></span> <span class='ocrx_word' id='word_1_39' title='bbox 637 792 696 862; x_wconf 84' lang='lat' dir='ltr'><strong>quod</strong></span> <span class='ocrx_word' id='word_1_40' title='bbox 706 796 820 862; x_wconf 78' lang='lat' dir='ltr'><strong>sponsalia</strong></span> <span class='ocrx_word' id='word_1_41' title='bbox 832 809 878 848; x_wconf 87' lang='lat' dir='ltr'><strong>non</strong></span> <span class='ocrx_word' id='word_1_42' title='bbox 888 811 954 850; x_wconf 87' lang='lat' dir='ltr'><strong>oon-</strong></span> 
     </span>
     <span class='ocr_line' id='line_1_8' title="bbox 143 867 962 932; baseline 0.002 -12"><span class='ocrx_word' id='word_1_43' title='bbox 143 869 264 922; x_wconf 82' lang='lat' dir='ltr'><strong>renienter</strong></span> <span class='ocrx_word' id='word_1_44' title='bbox 278 869 382 920; x_wconf 87' lang='lat' dir='ltr'><strong>dicautur</strong></span> <span class='ocrx_word' id='word_1_45' title='bbox 396 870 521 920; x_wconf 85' lang='lat' dir='ltr'><strong>suturarum</strong></span> <span class='ocrx_word' id='word_1_46' title='bbox 533 867 663 932; x_wconf 73' lang='lat' dir='ltr'><strong>nuptiarum</strong></span> <span class='ocrx_word' id='word_1_47' title='bbox 674 867 804 932; x_wconf 79' lang='lat' dir='ltr'><strong>promissio,</strong></span> <span class='ocrx_word' id='word_1_48' title='bbox 816 871 841 920; x_wconf 83' lang='lat' dir='ltr'><strong>ut</strong></span> <span class='ocrx_word' id='word_1_49' title='bbox 854 867 962 924; x_wconf 73' lang='lat' dir='ltr'><strong>habetur</strong></span> 
     </span>
     <span class='ocr_line' id='line_1_9' title="bbox 142 936 963 1005; baseline 0.002 -13"><span class='ocrx_word' id='word_1_50' title='bbox 142 936 174 992; x_wconf 81' lang='lat' dir='ltr'><strong>o&#39;x</strong></span> <span class='ocrx_word' id='word_1_51' title='bbox 186 937 263 992; x_wconf 77' lang='lat' dir='ltr'><strong>serbis</strong></span> <span class='ocrx_word' id='word_1_52' title='bbox 273 939 361 991; x_wconf 87' lang='lat' dir='ltr'><strong>Nicolai</strong></span> <span class='ocrx_word' id='word_1_53' title='bbox 373 953 448 1005; x_wconf 82' lang='lat' dir='ltr'><strong>papa.</strong></span> <span class='ocrx_word' id='word_1_54' title='bbox 461 939 527 1002; x_wconf 81' lang='lat' dir='ltr'><strong>Quia,</strong></span> <span class='ocrx_word' id='word_1_55' title='bbox 539 940 598 990; x_wconf 91' lang='lat' dir='ltr'><strong>siout</strong></span> <span class='ocrx_word' id='word_1_56' title='bbox 611 939 666 990; x_wconf 86' lang='lat' dir='ltr'><strong>dicit</strong></span> <span class='ocrx_word' id='word_1_57' title='bbox 677 939 786 1004; x_wconf 87' lang='lat' dir='ltr'><strong>isidorus,</strong></span> <span class='ocrx_word' id='word_1_58' title='bbox 799 942 857 990; x_wconf 81' lang='lat' dir='ltr'><strong>«osi</strong></span> <span class='ocrx_word' id='word_1_59' title='bbox 867 939 963 1004; x_wconf 82' lang='lat' dir='ltr'><strong>aliquis</strong></span> 
     </span>
     <span class='ocr_line' id='line_1_10' title="bbox 143 1009 958 1076; baseline 0.001 -13"><span class='ocrx_word' id='word_1_60' title='bbox 143 1023 254 1076; x_wconf 87' lang='lat' dir='ltr'><strong>sponsus,</strong></span> <span class='ocrx_word' id='word_1_61' title='bbox 271 1024 317 1064; x_wconf 90' lang='lat' dir='ltr'><strong>non</strong></span> <span class='ocrx_word' id='word_1_62' title='bbox 338 1012 391 1076; x_wconf 87' lang='lat' dir='ltr'><strong>quia</strong></span> <span class='ocrx_word' id='word_1_63' title='bbox 404 1011 530 1076; x_wconf 88' lang='lat' dir='ltr'><strong>promittit,</strong></span> <span class='ocrx_word' id='word_1_64' title='bbox 545 1009 586 1062; x_wconf 86' lang='lat' dir='ltr'><strong>sad</strong></span> <span class='ocrx_word' id='word_1_65' title='bbox 601 1011 654 1074; x_wconf 86' lang='lat' dir='ltr'><strong>quia</strong></span> <span class='ocrx_word' id='word_1_66' title='bbox 670 1010 768 1076; x_wconf 84' lang='lat' dir='ltr'><strong>spondot</strong></span> <span class='ocrx_word' id='word_1_67' title='bbox 785 1011 810 1060; x_wconf 85' lang='lat' dir='ltr'><strong>ot</strong></span> <span class='ocrx_word' id='word_1_68' title='bbox 828 1021 958 1074; x_wconf 85' lang='lat' dir='ltr'><strong>sponsores</strong></span> 
     </span>
     <span class='ocr_line' id='line_1_11' title="bbox 143 1079 959 1146; baseline -0.002 -13"><span class='ocrx_word' id='word_1_69' title='bbox 143 1083 193 1136; x_wconf 86' lang='lat' dir='ltr'><strong>dat.</strong></span> <span class='ocrx_word' id='word_1_70' title='bbox 208 1099 223 1131; x_wconf 86' lang='lat' dir='ltr'><strong>o</strong></span> <span class='ocrx_word' id='word_1_71' title='bbox 238 1083 283 1134; x_wconf 86' lang='lat' dir='ltr'><strong>Sel</strong></span> <span class='ocrx_word' id='word_1_72' title='bbox 301 1082 315 1132; x_wconf 83' lang='lat' dir='ltr'><strong>l</strong></span> <span class='ocrx_word' id='word_1_73' title='bbox 331 1081 475 1146; x_wconf 88' lang='lat' dir='ltr'><strong>sponsalibus</strong></span> <span class='ocrx_word' id='word_1_74' title='bbox 492 1081 576 1138; x_wconf 77' lang='lat' dir='ltr'><strong>dieitur</strong></span> <span class='ocrx_word' id='word_1_75' title='bbox 589 1079 798 1145; x_wconf 79' lang='lat' dir='ltr'><strong>aliquis&#39;spoasus.</strong></span> <span class='ocrx_word' id='word_1_76' title='bbox 813 1079 873 1144; x_wconf 81' lang='lat' dir='ltr'><strong>Ergo</strong></span> <span class='ocrx_word' id='word_1_77' title='bbox 891 1082 959 1134; x_wconf 72' lang='lat' dir='ltr'><strong>malo</strong></span> 
     </span>
     <span class='ocr_line' id='line_1_12' title="bbox 143 1153 390 1218; baseline -0.004 -13"><span class='ocrx_word' id='word_1_78' title='bbox 143 1153 390 1218; x_wconf 84' lang='lat' dir='ltr'><strong>dicuuturpromissio.</strong></span> 
     </span>
    </p>

    <p class='ocr_par' dir='ltr' id='par_1_6' title="bbox 143 1222 958 1502">
     <span class='ocr_line' id='line_1_13' title="bbox 176 1222 956 1288; baseline 0.005 -16"><span class='ocrx_word' id='word_1_79' title='bbox 176 1225 201 1274; x_wconf 75' lang='lat'><strong>2.</strong></span> <span class='ocrx_word' id='word_1_80' title='bbox 213 1226 340 1288; x_wconf 79' lang='lat' dir='ltr'><strong>Praeterea,</strong></span> <span class='ocrx_word' id='word_1_81' title='bbox 356 1223 493 1288; x_wconf 70' lang='lat' dir='ltr'><strong>quicumque</strong></span> <span class='ocrx_word' id='word_1_82' title='bbox 508 1222 620 1287; x_wconf 84' lang='lat' dir='ltr'><strong>promont</strong></span> <span class='ocrx_word' id='word_1_83' title='bbox 638 1223 737 1287; x_wconf 83' lang='lat' dir='ltr'><strong>aliquid,</strong></span> <span class='ocrx_word' id='word_1_84' title='bbox 756 1222 824 1273; x_wconf 85' lang='lat' dir='ltr'><strong>dubet</strong></span> <span class='ocrx_word' id='word_1_85' title='bbox 842 1223 956 1288; x_wconf 82' lang='lat' dir='ltr'><strong>compelli</strong></span> 
     </span>
     <span class='ocr_line' id='line_1_14' title="bbox 143 1293 956 1359; baseline 0 -13"><span class='ocrx_word' id='word_1_86' title='bbox 143 1293 174 1346; x_wconf 82' lang='lat' dir='ltr'><strong>aii</strong></span> <span class='ocrx_word' id='word_1_87' title='bbox 193 1295 389 1346; x_wconf 79' lang='lat' dir='ltr'><strong>solvendumserl</strong></span> <span class='ocrx_word' id='word_1_88' title='bbox 405 1294 439 1345; x_wconf 86' lang='lat' dir='ltr'><strong>illi</strong></span> <span class='ocrx_word' id='word_1_89' title='bbox 457 1293 497 1359; x_wconf 80' lang='lat' dir='ltr'><strong>qui</strong></span> <span class='ocrx_word' id='word_1_90' title='bbox 512 1293 628 1358; x_wconf 84' lang='lat' dir='ltr'><strong>sponsalia</strong></span> <span class='ocrx_word' id='word_1_91' title='bbox 642 1297 817 1355; x_wconf 76' lang='lat' dir='ltr'><strong>contraxerunt,</strong></span> <span class='ocrx_word' id='word_1_92' title='bbox 830 1305 956 1357; x_wconf 82' lang='lat' dir='ltr'><strong>nonoom-</strong></span> 
     </span>
     <span class='ocr_line' id='line_1_15' title="bbox 143 1363 958 1434; baseline 0.002 -18"><span class='ocrx_word' id='word_1_93' title='bbox 143 1365 259 1430; x_wconf 87' lang='lat' dir='ltr'><strong>polluntur</strong></span> <span class='ocrx_word' id='word_1_94' title='bbox 275 1379 317 1430; x_wconf 86' lang='lat' dir='ltr'><strong>per</strong></span> <span class='ocrx_word' id='word_1_95' title='bbox 329 1363 457 1434; x_wconf 75' lang='lat' dir='ltr'><strong>Ecclesiam</strong></span> <span class='ocrx_word' id='word_1_96' title='bbox 475 1365 504 1415; x_wconf 85' lang='lat' dir='ltr'><strong>ari</strong></span> <span class='ocrx_word' id='word_1_97' title='bbox 522 1364 692 1416; x_wconf 81' lang='lat' dir='ltr'><strong>matrimonium</strong></span> <span class='ocrx_word' id='word_1_98' title='bbox 708 1363 876 1428; x_wconf 83' lang='lat' dir='ltr'><strong>complendum.</strong></span> <span class='ocrx_word' id='word_1_99' title='bbox 890 1363 958 1429; x_wconf 83' lang='lat' dir='ltr'><strong>Ergo</strong></span> 
     </span>
     <span class='ocr_line' id='line_1_16' title="bbox 143 1435 530 1502; baseline -0.005 -12"><span class='ocrx_word' id='word_1_100' title='bbox 143 1438 259 1502; x_wconf 81' lang='lat' dir='ltr'><strong>sponsalia</strong></span> <span class='ocrx_word' id='word_1_101' title='bbox 272 1449 319 1488; x_wconf 86' lang='lat' dir='ltr'><strong>non</strong></span> <span class='ocrx_word' id='word_1_102' title='bbox 333 1439 389 1488; x_wconf 86' lang='lat' dir='ltr'><strong>suut</strong></span> <span class='ocrx_word' id='word_1_103' title='bbox 400 1435 530 1501; x_wconf 85' lang='lat' dir='ltr'><strong>promissio.</strong></span> 
     </span>
    </p>

    <p class='ocr_par' dir='ltr' id='par_1_7' title="bbox 142 1505 955 1715">
     <span class='ocr_line' id='line_1_17' title="bbox 177 1505 954 1572; baseline 0.004 -14"><span class='ocrx_word' id='word_1_104' title='bbox 177 1513 201 1558; x_wconf 80' lang='lat' dir='ltr'><strong>a.</strong></span> <span class='ocrx_word' id='word_1_105' title='bbox 219 1511 344 1570; x_wconf 77' lang='lat' dir='ltr'><strong>Praeterea,</strong></span> <span class='ocrx_word' id='word_1_106' title='bbox 360 1507 541 1572; x_wconf 84' lang='lat' dir='ltr'><strong>insponsalious</strong></span> <span class='ocrx_word' id='word_1_107' title='bbox 564 1508 698 1572; x_wconf 83' lang='lat' dir='ltr'><strong>quandoque</strong></span> <span class='ocrx_word' id='word_1_108' title='bbox 717 1508 813 1560; x_wconf 85' lang='lat' dir='ltr'><strong>nonest</strong></span> <span class='ocrx_word' id='word_1_109' title='bbox 830 1505 878 1559; x_wconf 90' lang='lat' dir='ltr'><strong>sola</strong></span> <span class='ocrx_word' id='word_1_110' title='bbox 889 1517 954 1572; x_wconf 91' lang='lat' dir='ltr'><strong>pro·</strong></span> 
     </span>
     <span class='ocr_line' id='line_1_18' title="bbox 144 1578 955 1644; baseline 0.002 -14"><span class='ocrx_word' id='word_1_111' title='bbox 144 1579 239 1642; x_wconf 86' lang='lat' dir='ltr'><strong>missio,</strong></span> <span class='ocrx_word' id='word_1_112' title='bbox 250 1579 290 1630; x_wconf 87' lang='lat' dir='ltr'><strong>sod</strong></span> <span class='ocrx_word' id='word_1_113' title='bbox 307 1578 397 1629; x_wconf 86' lang='lat' dir='ltr'><strong>additur</strong></span> <span class='ocrx_word' id='word_1_114' title='bbox 407 1579 563 1644; x_wconf 86' lang='lat' dir='ltr'><strong>juramentum</strong></span> <span class='ocrx_word' id='word_1_115' title='bbox 575 1582 599 1630; x_wconf 85' lang='lat' dir='ltr'><strong>ot</strong></span> <span class='ocrx_word' id='word_1_116' title='bbox 611 1579 691 1644; x_wconf 80' lang='lat' dir='ltr'><strong>aliqua</strong></span> <span class='ocrx_word' id='word_1_117' title='bbox 700 1581 781 1632; x_wconf 83' lang='lat' dir='ltr'><strong>arrha.</strong></span> <span class='ocrx_word' id='word_1_118' title='bbox 792 1579 851 1643; x_wconf 79' lang='lat' dir='ltr'><strong>Ergo</strong></span> <span class='ocrx_word' id='word_1_119' title='bbox 860 1578 955 1632; x_wconf 75' lang='lat' dir='ltr'><strong>ridetur</strong></span> 
     </span>
     <span class='ocr_line' id='line_1_19' title="bbox 142 1649 854 1715; baseline 0 -15"><span class='ocrx_word' id='word_1_120' title='bbox 142 1649 206 1715; x_wconf 81' lang='lat' dir='ltr'><strong>quod</strong></span> <span class='ocrx_word' id='word_1_121' title='bbox 225 1663 271 1700; x_wconf 89' lang='lat' dir='ltr'><strong>uon</strong></span> <span class='ocrx_word' id='word_1_122' title='bbox 285 1649 406 1701; x_wconf 83' lang='lat' dir='ltr'><strong>debuerint</strong></span> <span class='ocrx_word' id='word_1_123' title='bbox 423 1649 495 1702; x_wconf 86' lang='lat' dir='ltr'><strong>solim</strong></span> <span class='ocrx_word' id='word_1_124' title='bbox 512 1663 554 1714; x_wconf 87' lang='lat' dir='ltr'><strong>per</strong></span> <span class='ocrx_word' id='word_1_125' title='bbox 569 1649 745 1714; x_wconf 78' lang='lat' dir='ltr'><strong>promissionum</strong></span> <span class='ocrx_word' id='word_1_126' title='bbox 759 1649 854 1701; x_wconf 83' lang='lat' dir='ltr'><strong>deliniri.</strong></span> 
     </span>
    </p>

    <p class='ocr_par' dir='ltr' id='par_1_8' title="bbox 141 1719 952 1998">
     <span class='ocr_line' id='line_1_20' title="bbox 176 1719 950 1783; baseline 0.008 -13"><span class='ocrx_word' id='word_1_127' title='bbox 176 1723 201 1771; x_wconf 87' lang='lat' dir='ltr'><strong>l.</strong></span> <span class='ocrx_word' id='word_1_128' title='bbox 218 1721 344 1783; x_wconf 74' lang='lat' dir='ltr'><strong>praterea,</strong></span> <span class='ocrx_word' id='word_1_129' title='bbox 361 1720 505 1772; x_wconf 88' lang='lat' dir='ltr'><strong>matrimonia</strong></span> <span class='ocrx_word' id='word_1_130' title='bbox 528 1721 612 1772; x_wconf 84' lang='lat' dir='ltr'><strong>debent</strong></span> <span class='ocrx_word' id='word_1_131' title='bbox 630 1733 680 1770; x_wconf 85' lang='lat' dir='ltr'><strong>esso</strong></span> <span class='ocrx_word' id='word_1_132' title='bbox 699 1719 770 1772; x_wconf 89' lang='lat' dir='ltr'><strong>libera</strong></span> <span class='ocrx_word' id='word_1_133' title='bbox 788 1725 811 1772; x_wconf 82' lang='lat' dir='ltr'><strong>ot</strong></span> <span class='ocrx_word' id='word_1_134' title='bbox 836 1721 950 1776; x_wconf 82' lang='lat' dir='ltr'><strong>absoluta.</strong></span> 
     </span>
     <span class='ocr_line' id='line_1_21' title="bbox 141 1791 952 1857; baseline 0 -13"><span class='ocrx_word' id='word_1_135' title='bbox 141 1793 190 1844; x_wconf 74' lang='lat' dir='ltr'><strong>Sed</strong></span> <span class='ocrx_word' id='word_1_136' title='bbox 209 1792 323 1856; x_wconf 88' lang='lat' dir='ltr'><strong>sponsalia</strong></span> <span class='ocrx_word' id='word_1_137' title='bbox 341 1794 475 1857; x_wconf 81' lang='lat' dir='ltr'><strong>quandoque</strong></span> <span class='ocrx_word' id='word_1_138' title='bbox 495 1793 552 1842; x_wconf 86' lang='lat' dir='ltr'><strong>liunt</strong></span> <span class='ocrx_word' id='word_1_139' title='bbox 570 1793 612 1842; x_wconf 86' lang='lat' dir='ltr'><strong>sub</strong></span> <span class='ocrx_word' id='word_1_140' title='bbox 626 1791 700 1854; x_wconf 83' lang='lat' dir='ltr'><strong>aliqua</strong></span> <span class='ocrx_word' id='word_1_141' title='bbox 719 1791 864 1854; x_wconf 82' lang='lat' dir='ltr'><strong>conditione,</strong></span> <span class='ocrx_word' id='word_1_142' title='bbox 878 1793 952 1844; x_wconf 85' lang='lat' dir='ltr'><strong>otiam</strong></span> 
     </span>
     <span class='ocr_line' id='line_1_22' title="bbox 143 1862 952 1929; baseline 0.005 -18"><span class='ocrx_word' id='word_1_143' title='bbox 143 1862 284 1926; x_wconf 79' lang='lat' dir='ltr'><strong>accipienda</strong></span> <span class='ocrx_word' id='word_1_144' title='bbox 297 1864 408 1926; x_wconf 81' lang='lat' dir='ltr'><strong>pecunia.</strong></span> <span class='ocrx_word' id='word_1_145' title='bbox 420 1865 478 1928; x_wconf 82' lang='lat' dir='ltr'><strong>Ergo</strong></span> <span class='ocrx_word' id='word_1_146' title='bbox 488 1875 535 1914; x_wconf 90' lang='lat' dir='ltr'><strong>nou</strong></span> <span class='ocrx_word' id='word_1_147' title='bbox 545 1864 706 1914; x_wconf 72' lang='lat' dir='ltr'><strong>convenienter</strong></span> <span class='ocrx_word' id='word_1_148' title='bbox 714 1863 820 1914; x_wconf 83' lang='lat' dir='ltr'><strong>dicuutur</strong></span> <span class='ocrx_word' id='word_1_149' title='bbox 828 1862 952 1929; x_wconf 85' lang='lat' dir='ltr'><strong>promissio</strong></span> 
     </span>
     <span class='ocr_line' id='line_1_23' title="bbox 144 1933 285 1998; baseline -0.007 -15"><span class='ocrx_word' id='word_1_150' title='bbox 144 1933 285 1998; x_wconf 77' lang='lat' dir='ltr'><strong>nuptiarum.</strong></span> 
     </span>
    </p>

    <p class='ocr_par' dir='ltr' id='par_1_9' title="bbox 144 2003 955 2266">
     <span class='ocr_line' id='line_1_24' title="bbox 178 2003 955 2070; baseline 0.008 -18"><span class='ocrx_word' id='word_1_151' title='bbox 178 2007 202 2053; x_wconf 81' lang='lat' dir='ltr'><strong>ll.</strong></span> <span class='ocrx_word' id='word_1_152' title='bbox 226 2003 351 2067; x_wconf 82' lang='lat' dir='ltr'><strong>Praeteroa,</strong></span> <span class='ocrx_word' id='word_1_153' title='bbox 367 2003 488 2068; x_wconf 86' lang='lat' dir='ltr'><strong>promissio</strong></span> <span class='ocrx_word' id='word_1_154' title='bbox 504 2017 555 2069; x_wconf 81' lang='lat' dir='ltr'><strong>qna</strong></span> <span class='ocrx_word' id='word_1_155' title='bbox 576 2007 612 2056; x_wconf 80' lang='lat' dir='ltr'><strong>ssi</strong></span> <span class='ocrx_word' id='word_1_156' title='bbox 629 2005 657 2056; x_wconf 83' lang='lat' dir='ltr'><strong>do</strong></span> <span class='ocrx_word' id='word_1_157' title='bbox 671 2003 739 2054; x_wconf 85' lang='lat' dir='ltr'><strong>robus</strong></span> <span class='ocrx_word' id='word_1_158' title='bbox 762 2004 843 2055; x_wconf 89' lang='lat' dir='ltr'><strong>tuturis</strong></span> <span class='ocrx_word' id='word_1_159' title='bbox 857 2004 955 2070; x_wconf 78' lang='lat' dir='ltr'><strong>vitupo-</strong></span> 
     </span>
     <span class='ocr_line' id='line_1_25' title="bbox 144 2074 953 2138; baseline 0.004 -14"><span class='ocrx_word' id='word_1_160' title='bbox 144 2077 208 2124; x_wconf 84' lang='lat' dir='ltr'><strong>ratur</strong></span> <span class='ocrx_word' id='word_1_161' title='bbox 221 2074 306 2130; x_wconf 81' lang='lat' dir='ltr'><strong>local,</strong></span> <span class='ocrx_word' id='word_1_162' title='bbox 317 2075 355 2125; x_wconf 89' lang='lat' dir='ltr'><strong>IV.</strong></span> <span class='ocrx_word' id='word_1_163' title='bbox 372 2075 415 2126; x_wconf 79' lang='lat' dir='ltr'><strong>Seri</strong></span> <span class='ocrx_word' id='word_1_164' title='bbox 429 2075 488 2126; x_wconf 88' lang='lat' dir='ltr'><strong>oiroa</strong></span> <span class='ocrx_word' id='word_1_165' title='bbox 499 2079 640 2126; x_wconf 82' lang='lat' dir='ltr'><strong>sacramenta</strong></span> <span class='ocrx_word' id='word_1_166' title='bbox 659 2089 706 2126; x_wconf 92' lang='lat' dir='ltr'><strong>non</strong></span> <span class='ocrx_word' id='word_1_167' title='bbox 719 2075 786 2126; x_wconf 82' lang='lat' dir='ltr'><strong>dabat</strong></span> <span class='ocrx_word' id='word_1_168' title='bbox 797 2075 882 2138; x_wconf 86' lang='lat' dir='ltr'><strong>aliquid</strong></span> <span class='ocrx_word' id='word_1_169' title='bbox 897 2089 953 2127; x_wconf 82' lang='lat' dir='ltr'><strong>esso</strong></span> 
     </span>
     <span class='ocr_line' id='line_1_26' title="bbox 144 2144 953 2213; baseline 0.005 -20"><span class='ocrx_word' id='word_1_170' title='bbox 144 2144 306 2208; x_wconf 79' lang='lat' dir='ltr'><strong>vituperabile.</strong></span> <span class='ocrx_word' id='word_1_171' title='bbox 321 2147 372 2196; x_wconf 88' lang='lat' dir='ltr'><strong>Non</strong></span> <span class='ocrx_word' id='word_1_172' title='bbox 387 2159 440 2210; x_wconf 81' lang='lat' dir='ltr'><strong>ergo</strong></span> <span class='ocrx_word' id='word_1_173' title='bbox 454 2147 522 2213; x_wconf 74' lang='lat' dir='ltr'><strong>dolat</strong></span> <span class='ocrx_word' id='word_1_174' title='bbox 537 2146 586 2198; x_wconf 89' lang='lat' dir='ltr'><strong>lieri</strong></span> <span class='ocrx_word' id='word_1_175' title='bbox 599 2147 724 2200; x_wconf 87' lang='lat' dir='ltr'><strong>luturarum</strong></span> <span class='ocrx_word' id='word_1_176' title='bbox 745 2145 875 2210; x_wconf 87' lang='lat' dir='ltr'><strong>nuptiarum</strong></span> <span class='ocrx_word' id='word_1_177' title='bbox 894 2159 953 2210; x_wconf 86' lang='lat' dir='ltr'><strong>pro·</strong></span> 
     </span>
     <span class='ocr_line' id='line_1_27' title="bbox 146 2215 233 2266; baseline 0 0"><span class='ocrx_word' id='word_1_178' title='bbox 146 2215 233 2266; x_wconf 88' lang='lat' dir='ltr'><strong>mrssio.</strong></span> 
     </span>
    </p>

    <p class='ocr_par' dir='ltr' id='par_1_10' title="bbox 142 2287 948 2568">
     <span class='ocr_line' id='line_1_28' title="bbox 176 2287 946 2354; baseline 0.006 -16"><span class='ocrx_word' id='word_1_179' title='bbox 176 2293 201 2338; x_wconf 82' lang='lat'><strong>6.</strong></span> <span class='ocrx_word' id='word_1_180' title='bbox 219 2288 347 2349; x_wconf 78' lang='lat' dir='ltr'><strong>Proetsioa,</strong></span> <span class='ocrx_word' id='word_1_181' title='bbox 365 2288 441 2340; x_wconf 85' lang='lat' dir='ltr'><strong>nullus</strong></span> <span class='ocrx_word' id='word_1_182' title='bbox 462 2287 545 2341; x_wconf 85' lang='lat' dir='ltr'><strong>linitur</strong></span> <span class='ocrx_word' id='word_1_183' title='bbox 565 2302 684 2354; x_wconf 71' lang='lat' dir='ltr'><strong>spumas,</strong></span> <span class='ocrx_word' id='word_1_184' title='bbox 701 2287 747 2338; x_wconf 84' lang='lat' dir='ltr'><strong>nisi</strong></span> <span class='ocrx_word' id='word_1_185' title='bbox 763 2287 776 2338; x_wconf 84' lang='lat' dir='ltr'><strong>l</strong></span> <span class='ocrx_word' id='word_1_186' title='bbox 792 2287 946 2354; x_wconf 86' lang='lat' dir='ltr'><strong>sponsalibus.</strong></span> 
     </span>
     <span class='ocr_line' id='line_1_29' title="bbox 142 2353 947 2424; baseline 0.006 -16"><span class='ocrx_word' id='word_1_187' title='bbox 142 2353 189 2409; x_wconf 78' lang='lat' dir='ltr'><strong>sm</strong></span> <span class='ocrx_word' id='word_1_188' title='bbox 210 2359 292 2422; x_wconf 85' lang='lat' dir='ltr'><strong>aliquis</strong></span> <span class='ocrx_word' id='word_1_189' title='bbox 306 2359 502 2424; x_wconf 81' lang='lat' dir='ltr'><strong>dieiturspomua</strong></span> <span class='ocrx_word' id='word_1_190' title='bbox 515 2359 543 2410; x_wconf 86' lang='lat' dir='ltr'><strong>do</strong></span> <span class='ocrx_word' id='word_1_191' title='bbox 556 2359 707 2424; x_wconf 77' lang='lat' dir='ltr'><strong>praesentibus</strong></span> <span class='ocrx_word' id='word_1_192' title='bbox 721 2359 816 2424; x_wconf 89' lang='lat' dir='ltr'><strong>nuptiis,</strong></span> <span class='ocrx_word' id='word_1_193' title='bbox 827 2365 852 2411; x_wconf 88' lang='lat' dir='ltr'><strong>ut</strong></span> <span class='ocrx_word' id='word_1_194' title='bbox 866 2361 890 2410; x_wconf 88' lang='lat' dir='ltr'><strong>in</strong></span> <span class='ocrx_word' id='word_1_195' title='bbox 907 2361 947 2413; x_wconf 93' lang='lat' dir='ltr'><strong>lit·</strong></span> 
     </span>
     <span class='ocr_line' id='line_1_30' title="bbox 145 2430 948 2498; baseline 0 -16"><span class='ocrx_word' id='word_1_196' title='bbox 145 2433 194 2482; x_wconf 81' lang='lat' dir='ltr'><strong>lora</strong></span> <span class='ocrx_word' id='word_1_197' title='bbox 211 2430 303 2481; x_wconf 82' lang='lat' dir='ltr'><strong>dicitur.</strong></span> <span class='ocrx_word' id='word_1_198' title='bbox 314 2432 373 2495; x_wconf 82' lang='lat' dir='ltr'><strong>Ergo</strong></span> <span class='ocrx_word' id='word_1_199' title='bbox 387 2430 501 2496; x_wconf 89' lang='lat' dir='ltr'><strong>sponsalia</strong></span> <span class='ocrx_word' id='word_1_200' title='bbox 519 2443 565 2482; x_wconf 90' lang='lat' dir='ltr'><strong>non</strong></span> <span class='ocrx_word' id='word_1_201' title='bbox 578 2443 668 2495; x_wconf 86' lang='lat' dir='ltr'><strong>sompar</strong></span> <span class='ocrx_word' id='word_1_202' title='bbox 681 2436 736 2482; x_wconf 89' lang='lat' dir='ltr'><strong>sunt</strong></span> <span class='ocrx_word' id='word_1_203' title='bbox 748 2433 874 2482; x_wconf 82' lang='lat' dir='ltr'><strong>suturarum</strong></span> <span class='ocrx_word' id='word_1_204' title='bbox 888 2445 948 2498; x_wconf 90' lang='lat' dir='ltr'><strong>nup-</strong></span> 
     </span>
     <span class='ocr_line' id='line_1_31' title="bbox 145 2502 374 2568; baseline 0 -14"><span class='ocrx_word' id='word_1_205' title='bbox 145 2502 229 2554; x_wconf 86' lang='lat' dir='ltr'><strong>tiamm</strong></span> <span class='ocrx_word' id='word_1_206' title='bbox 243 2503 374 2568; x_wconf 86' lang='lat' dir='ltr'><strong>promissio.</strong></span> 
     </span>
    </p>

    <p class='ocr_par' dir='ltr' id='par_1_11' title="bbox 144 2573 985 2852">
     <span class='ocr_line' id='line_1_32' title="bbox 176 2573 985 2662; baseline 0.004 -39"><span class='ocrx_word' id='word_1_207' title='bbox 176 2573 341 2638; x_wconf 82' lang='lat' dir='ltr'><strong>(Concuusro.</strong></span> <span class='ocrx_word' id='word_1_208' title='bbox 354 2601 385 2612; x_wconf 55' lang='grc' dir='ltr'><strong>κ-</strong></span> <span class='ocrx_word' id='word_1_209' title='bbox 393 2573 451 2624; x_wconf 83' lang='lat' dir='ltr'><strong>Crlm</strong></span> <span class='ocrx_word' id='word_1_210' title='bbox 464 2587 592 2632; x_wconf 81' lang='lat' dir='ltr'><strong>consensus</strong></span> <span class='ocrx_word' id='word_1_211' title='bbox 603 2573 627 2624; x_wconf 90' lang='lat' dir='ltr'><strong>ln</strong></span> <span class='ocrx_word' id='word_1_212' title='bbox 636 2573 777 2640; x_wconf 79' lang='lat' dir='ltr'><strong>conjugalem</strong></span> <span class='ocrx_word' id='word_1_213' title='bbox 789 2573 891 2641; x_wconf 85' lang='lat' dir='ltr'><strong>copulam</strong></span> <span class='ocrx_word' id='word_1_214' title='bbox 903 2589 949 2640; x_wconf 87' lang='lat' dir='ltr'><strong>por</strong></span> <span class='ocrx_word' id='word_1_215' title='bbox 984 2625 985 2662; x_wconf 27' lang='grc'>1</span> 
     </span>
     <span class='ocr_line' id='line_1_33' title="bbox 144 2645 985 2710; baseline 0 -14"><span class='ocrx_word' id='word_1_216' title='bbox 144 2645 215 2696; x_wconf 75' lang='lat' dir='ltr'><strong>narba</strong></span> <span class='ocrx_word' id='word_1_217' title='bbox 226 2647 253 2696; x_wconf 80' lang='lat' dir='ltr'><strong>rie</strong></span> <span class='ocrx_word' id='word_1_218' title='bbox 268 2645 343 2697; x_wconf 84' lang='lat' dir='ltr'><strong>loturo</strong></span> <span class='ocrx_word' id='word_1_219' title='bbox 357 2646 526 2696; x_wconf 87' lang='lat' dir='ltr'><strong>matrimonium</strong></span> <span class='ocrx_word' id='word_1_220' title='bbox 545 2659 592 2696; x_wconf 93' lang='lat' dir='ltr'><strong>non</strong></span> <span class='ocrx_word' id='word_1_221' title='bbox 608 2646 693 2708; x_wconf 84' lang='lat' dir='ltr'><strong>iaciat,</strong></span> <span class='ocrx_word' id='word_1_222' title='bbox 708 2645 860 2710; x_wconf 82' lang='lat' dir='ltr'><strong>sponsalia‚i</strong></span> <span class='ocrx_word' id='word_1_223' title='bbox 876 2659 946 2710; x_wconf 90' lang='lat' dir='ltr'><strong>spon·</strong></span> <span class='ocrx_word' id='word_1_224' title='bbox 984 2667 985 2672; x_wconf 42' lang='lat'>¹</span> 
     </span>
     <span class='ocr_line' id='line_1_34' title="bbox 145 2715 944 2781; baseline -0.001 -14"><span class='ocrx_word' id='word_1_225' title='bbox 145 2715 220 2767; x_wconf 82' lang='lat' dir='ltr'><strong>deado</strong></span> <span class='ocrx_word' id='word_1_226' title='bbox 235 2715 309 2778; x_wconf 86' lang='lat' dir='ltr'><strong>diota,</strong></span> <span class='ocrx_word' id='word_1_227' title='bbox 323 2729 369 2768; x_wconf 89' lang='lat' dir='ltr'><strong>uon</strong></span> <span class='ocrx_word' id='word_1_228' title='bbox 381 2715 563 2780; x_wconf 89' lang='lat' dir='ltr'><strong>matrimonium,</strong></span> <span class='ocrx_word' id='word_1_229' title='bbox 578 2715 617 2766; x_wconf 79' lang='lat' dir='ltr'><strong>seri</strong></span> <span class='ocrx_word' id='word_1_230' title='bbox 636 2716 763 2766; x_wconf 82' lang='lat' dir='ltr'><strong>tuturarnm</strong></span> <span class='ocrx_word' id='word_1_231' title='bbox 779 2721 833 2766; x_wconf 87' lang='lat' dir='ltr'><strong>suut</strong></span> <span class='ocrx_word' id='word_1_232' title='bbox 852 2715 944 2781; x_wconf 89' lang='lat' dir='ltr'><strong>nuptia·</strong></span> 
     </span>
     <span class='ocr_line' id='line_1_35' title="bbox 144 2786 362 2852; baseline 0.009 -16"><span class='ocrx_word' id='word_1_233' title='bbox 144 2799 195 2836; x_wconf 83' lang='lat' dir='ltr'><strong>rum</strong></span> <span class='ocrx_word' id='word_1_234' title='bbox 209 2786 362 2852; x_wconf 85' lang='lat' dir='ltr'><strong>promissio.)</strong></span> 
     </span>
    </p>
   </div>
   <div class='ocr_carea' id='block_1_6' title="bbox 179 2929 834 2994">
    <p class='ocr_par' dir='ltr' id='par_1_12' title="bbox 179 2929 834 2994">
     <span class='ocr_line' id='line_1_36' title="bbox 179 2929 834 2994; baseline 0.003 -18"><span class='ocrx_word' id='word_1_235' title='bbox 179 2929 211 2994; x_wconf 78' lang='lat' dir='ltr'><strong>(l)</strong></span> <span class='ocrx_word' id='word_1_236' title='bbox 227 2935 262 2980; x_wconf 67' lang='lat' dir='ltr'><strong>aa</strong></span> <span class='ocrx_word' id='word_1_237' title='bbox 273 2935 315 2982; x_wconf 79' lang='lat' dir='ltr'><strong>lv.</strong></span> <span class='ocrx_word' id='word_1_238' title='bbox 327 2934 404 2985; x_wconf 74' lang='lat' dir='ltr'><strong>Saul„</strong></span> <span class='ocrx_word' id='word_1_239' title='bbox 418 2934 472 2980; x_wconf 83' lang='lat' dir='ltr'><strong>dist.</strong></span> <span class='ocrx_word' id='word_1_240' title='bbox 488 2931 530 2992; x_wconf 71' lang='lat' dir='ltr'><strong>il,</strong></span> <span class='ocrx_word' id='word_1_241' title='bbox 544 2943 585 2988; x_wconf 86' lang='lat' dir='ltr'><strong>qu.</strong></span> <span class='ocrx_word' id='word_1_242' title='bbox 597 2931 627 2991; x_wconf 60' lang='grc' dir='ltr'><strong>Β,</strong></span> <span class='ocrx_word' id='word_1_243' title='bbox 644 2929 713 2978; x_wconf 81' lang='lat' dir='ltr'><strong>arti</strong></span> <span class='ocrx_word' id='word_1_244' title='bbox 729 2936 753 2977; x_wconf 79' lang='lat' dir='ltr'><strong>et</strong></span> <span class='ocrx_word' id='word_1_245' title='bbox 766 2942 834 2990; x_wconf 76' lang='lat' dir='ltr'><strong>seqq.</strong></span> 
     </span>
    </p>
   </div>
   <div class='ocr_carea' id='block_1_7' title="bbox 0 0 994 3320">
    <p class='ocr_par' dir='ltr' id='par_1_13' title="bbox 0 0 994 3320">
     <span class='ocr_line' id='line_1_37' title="bbox 0 0 994 3320; baseline 0 0"><span class='ocrx_word' id='word_1_246' title='bbox 0 0 994 3320; x_wconf 95' lang='lat' dir='ltr'><strong> </strong></span> 
     </span>
    </p>
   </div>
  </div>
 </body>
</html>
