1998 3326
241 205 272 242 or
288 202 452 243 inanimo
468 205 631 244 oouorarouro.
811 199 842 248 89

39 278 116 401 m.
132 282 162 329 ie
175 278 259 330 Utrdm
276 279 318 330 diii
336 279 437 331 debeant
451 281 515 345 sequi
529 281 685 336 conditionem
703 285 778 349 patris
803 287 843 338 rel

347 458 505 510 auricomis
520 461 538 510 1.

101 581 194 626 Uir-iem
204 579 309 626 conditio
318 580 444 626 servitutis
457 581 571 640 impediat
581 585 773 632 matrimonium.

64 705 96 755 id
112 705 218 769 primum
228 705 263 756 sie
274 705 413 769 proceditur.
424 705 520 758 Videtur
535 707 595 770 quod
605 710 704 762 oonditio
722 712 844 764 seruitutis

38 789 75 826 aou
88 776 206 840 impediat
218 775 400 827 matrimonium.
410 777 473 826 Nihil
483 777 545 828 enim
555 779 842 848 impeditmatrimouium,

38 845 75 897 nisi
83 847 147 911 quod
156 847 230 897 habet
241 846 339 912 aliquam
351 848 534 899 contrarietatem
546 849 574 898 ed
584 851 668 914 ipsum.
683 853 728 902 Sed
739 854 840 906 seruitus

37 918 159 968 nonhabet
173 916 281 981 ntiquom¹
288 916 471 968 contrarietatem
482 921 511 970 ad
521 921 703 986 matrimonium,
714 923 771 975 aliis
782 925 843 976 inter

37 1001 109 1039 seram
123 1000 175 1040 uon
193 991 291 1052 possent
306 1001 359 1039 esse
372 990 488 1054 conjugia.
500 991 560 1055 Ergo
576 992 674 1044 seruitus
686 1007 732 1046 nou
747 995 844 1060 impedit

37 1059 219 1111 matrimonium.

61 1134 85 1180 a.
100 1133 236 1194 proterea,
245 1130 302 1181 iliud
310 1131 372 1195 quod
383 1133 418 1182 est
431 1135 508 1182 ooutra
519 1135 636 1197 naturum,
645 1147 693 1186 noa
706 1139 784 1200 potest
796 1139 842 1190 im·

36 1202 108 1264 pedire
130 1201 193 1253 iliud
207 1203 269 1266 quod
288 1206 324 1252 est
343 1203 468 1253 secundini
488 1206 602 1257 naturum.
626 1207 669 1258 Sed
690 1209 789 1262 seruitus
807 1215 843 1263 est

37 1276 110 1324 contro
126 1271 387 1337 naturam,r1uia,siout
400 1273 454 1325 dieii
465 1274 588 1339 Gregorius
599 1277 650 1340 (iii.
662 1277 699 1328 De
712 1293 775 1331 curo
784 1295 842 1346 pos·

38 1344 129 1401 iurati,
140 1347 206 1408 part.
216 1345 246 1404 ii,
255 1355 306 1408 cap.
320 1348 344 1406 6,
357 1343 622 1404 exiih.Xiii.Moro1.,
634 1359 686 1411 oio.
697 1350 775 1413 doio
789 1365 843 1404 oon·

38 1417 66 1463 tra
79 1419 193 1465 naturam
212 1419 261 1475 est,
280 1415 398 1465 homiuem
420 1416 508 1466 homiui
527 1417 587 1468 reiis
607 1418 732 1483 dominari;
752 1423 843 1486 »quod

37 1484 99 1534 etiam
113 1488 184 1550 patet
198 1497 227 1535 ex
237 1485 283 1535 hoo
295 1483 358 1548 qnod
375 1485 462 1536 homiui
472 1487 557 1537 diotom
569 1491 612 1550 est,
630 1503 644 1536 o
657 1493 683 1539 ui
696 1493 774 1556 presit
790 1493 843 1557 pis·

14 1613 15 1620 ,
38 1554 95 1606 dius
109 1555 185 1606 maris
196 1593 203 1618 ‚
215 1569 230 1601 o
243 1558 299 1618 eto„
314 1567 361 1606 noa
377 1560 453 1608 autem
469 1561 494 1606 ut
511 1559 590 1622 prosit
608 1560 705 1612 domini.
723 1563 781 1628 Ergo
795 1577 843 1616 non

39 1630 109 1689 potem
122 1625 240 1692 impedire
253 1627 430 1691 matrimonium,
445 1629 504 1692 quod
516 1632 552 1679 est
564 1630 676 1680 naturale.

66 1703 89 1749 a.
103 1699 235 1760 Praetereo,
249 1698 269 1748 si
282 1697 407 1764 impediat,
419 1702 511 1750 antioc
526 1703 562 1751 est
580 1700 670 1764 dejure
680 1703 788 1767 adiurati,
802 1705 842 1756 eui

39 1768 63 1818 de
73 1771 126 1833 jnre
136 1769 251 1834 positivo.
261 1770 312 1819 Nou
328 1769 355 1820 de
363 1769 414 1832 iure
426 1770 536 1834 naturali,
545 1770 599 1834 quia
607 1771 732 1823 secundim
742 1774 783 1837 jns
798 1787 842 1825 oa-

38 1841 105 1891 turnio
120 1852 208 1892 omnes
225 1839 333 1890 homines
348 1843 403 1890 suut
420 1842 527 1905 equales,
540 1846 567 1892 ut
580 1841 702 1906 Gregorius
719 1845 775 1896 dioit
785 1845 843 1910 (uhi

38 1913 130 1976 snpri);
148 1915 172 1962 ei
185 1911 210 1961 iu
225 1910 338 1975 principio
351 1913 517 1976 Diqeotorom
528 1913 596 1976 (iege
606 1913 636 1963 iV
645 1912 669 1976 ),
682 1913 763 1965 dicitnr
779 1915 842 1980 quod

15 2023 16 2034 ,
38 1984 135 2034 seruitus
155 1995 204 2033 non
217 1987 253 2032 ost
266 1983 295 2033 de
310 1981 363 2045 jure
379 1981 485 2032 naturali.
500 1983 627 2034 Positieum
644 1984 714 2034 etiem
731 1986 770 2050 jus
784 1985 842 2036 des-

38 2054 110 2104 eendit
131 2053 275 2116 inaurati,
290 2058 316 2103 ut
338 2053 425 2104 ‘t'uiiius
447 2052 511 2103 dieii.
530 2054 590 2118 iirgo
609 2055 735 2105 seeundum
753 2056 841 2108 nulium

37 2125 72 2187 ius
88 2127 193 2178 servitus
206 2125 318 2190 impedire
330 2121 406 2189 potest
418 2126 597 2176 matrimonium.

69 2201 93 2246 t.
100 2199 228 2261 Praeterea,
235 2196 291 2246 iliud
302 2195 363 2260 quod
370 2195 467 2259 impedit
474 2195 653 2260 matrimonium,
666 2198 785 2259 equaliter
794 2197 842 2248 im·

38 2269 97 2331 pedit
112 2268 167 2319 eive
177 2267 272 2330 sciatur,
285 2269 336 2318 siae
349 2267 474 2330 ignoretur,
484 2271 510 2316 ut
519 2270 583 2330 patet
592 2269 620 2318 de
630 2267 841 2330 consanguinitate.

39 2339 77 2390 Sed
92 2339 199 2392 servitus
213 2338 283 2390 unius
296 2337 388 2401 cognita
400 2338 527 2400 adultero,
539 2351 585 2390 uon
600 2338 698 2402 impedit
716 2340 840 2391 matrimo-

15 2385 16 2446 i
39 2411 107 2462 mum.
123 2411 187 2474 Ergo
200 2411 297 2460 servitus
304 2409 432 2473 ,quantiam
441 2409 467 2458 iu
476 2421 502 2459 so
511 2412 560 2472 est,
577 2409 706 2459 nonhabet
720 2409 782 2473 quod
796 2409 842 2461 im·

38 2482 112 2543 oediat
127 2479 309 2544 matrimonium,
322 2484 345 2530 et
360 2480 393 2530 ita
407 2493 453 2532 noa
463 2481 555 2531 deberet
569 2480 625 2546 poni
635 2493 710 2544 perse
723 2479 842 2533 matrimo-

15 2571 16 2592 ι
39 2552 67 2601 nii
80 2551 274 2617 impedimentum
289 2551 318 2602 ab
336 2550 386 2600 aliis
400 2551 543 2602 distinctum.

66 2628 90 2672 5.
104 2625 230 2683 proteres,
243 2623 303 2674 siout
317 2622 430 2686 contingit
444 2635 496 2673 esse
507 2635 605 2673 errorem
621 2621 683 2672 eirea
695 2623 840 2686 servitutem,

40 2698 62 2743 ut
73 2697 169 2759 putetur
179 2694 237 2744 iiber
250 2696 291 2758 qui
305 2705 385 2744 servus
399 2695 435 2743 est
445 2731 452 2754 ,
464 2693 497 2742 ite
511 2696 649 2756 potestesse
660 2695 759 2745 orrorde
770 2695 841 2745 iiber·

40 2768 91 2829 tata,
107 2769 135 2816 ut
149 2769 243 2830 putetur
256 2777 339 2815 seruus
350 2763 389 2827 qui
400 2767 435 2814 esi
446 2763 511 2814 iiber.
526 2763 572 2814 Sed
583 2762 676 2814 libertas
688 2775 735 2814 uon
750 2764 845 2828 ponitur

15 2851 16 2880 1
41 2837 177 2888 matrimonii
191 2835 391 2902 impedimentum.
409 2834 469 2898 Ergo
488 2846 531 2884 neo
549 2832 647 2884 servitu
664 2835 756 2885 dederet
776 2833 842 2898 poni.

15 2887 16 2975 i
69 2911 92 2958 o.
107 2910 237 2972 Preteree,
246 2905 319 2970 meets
332 2905 385 2958 taoit
399 2917 491 2970 grauem
502 2903 635 2956 moieteiem
647 2903 799 2965 matdmooii,
