2026 3304
133 99 179 150 1³2
289 105 495 156 surrururmun,
510 105 605 152 cussa,
621 104 661 156 ur,
678 103 735 144 aar.
750 105 776 154 r.

132 183 249 237 affinitatis
260 185 321 248 quod
335 183 416 236 dicitur
431 201 445 232 (ι
454 181 550 248 publica
559 179 688 231 honestatis
700 179 800 244 justitia.
810 193 825 228 u
834 179 945 246 iiticleo,

134 258 195 310 sicut
211 255 381 306 matrimonium
392 257 427 306 est
437 251 702 320 perpetuumuinculum
712 289 719 315 ‚
729 252 762 303 ita
778 254 802 303 ct
814 251 948 315 pradictus
1001 299 1002 328 ζ

132 327 252 380 affinitatis
267 327 358 378 modos

166 401 200 450 hol
220 399 343 448 secuudum
354 397 477 448 dicendum
485 431 494 458 ,
505 372 567 460 quot
579 394 615 446 nir
632 398 657 446 ot
671 393 754 446 mulier
766 393 898 446 officiuntur
914 394 946 445 im
1001 369 1002 404 ἦ

135 469 221 522 carnali
235 469 318 534 copula
332 482 378 519 una
394 479 446 519 caro
461 481 502 532 per
520 467 705 519 commixtionem
718 465 842 516 namnum.
856 465 945 528 Unde,

134 545 343 606 quantumcumque
353 539 433 604 aliquis
445 539 568 590 claustrum
580 539 674 602 purioris
683 538 778 588 invadat
791 537 830 588 rel
838 537 946 600 frangat,

134 611 181 664 nisi
203 611 335 662 commixtio
353 611 469 664 seminum
486 613 608 674 sequatur,
623 621 670 660 non
689 608 831 660 contrahitur
849 619 879 658 ox
893 607 947 659 hoc
1001 653 1002 682 ἦ

125 682 243 752 ¹aiiluitas.
258 683 302 734 Sed
311 681 481 733 matrimonium
494 681 630 732 affinitatem
644 683 737 744 causat,
752 692 799 730 non
813 677 888 729 solim
902 691 947 729 ra·

135 753 199 805 tione
212 753 309 804 carnalis
324 753 420 818 copula,
435 753 476 804 seri
486 752 555 802 etiam
566 753 654 803 ratione
663 751 779 802 societatis
796 748 940 814 conjugalis,
1001 797 1002 832 1

137 824 264 878 secundhm
285 837 353 887 quam
370 824 439 874 etlam
457 823 627 874 matrimonium
646 822 748 873 naturale
769 823 813 872 est.
828 821 894 872 Unde
919 825 950 872 et

137 896 237 948 affinitas
252 895 394 946 contrahitur
411 909 441 945 ex
456 895 507 958 ipsc
528 897 647 945 contractu
662 893 802 944 matrimonii
817 905 859 956 per
871 892 950 945 rerba

138 966 166 1020 de
185 966 308 1030 presenti,
323 969 376 1016 ante
396 965 512 1016 carnalem
531 965 645 1029 copulam.
660 965 690 1015 Et
706 962 809 1014 similiter
825 962 897 1012 etiam
912 975 949 1014 ex
1001 971 1002 974 ’

137 1036 294 1101 sponsalibus,
306 1035 424 1100 inquibus
434 1035 460 1086 lit
472 1035 578 1099 quedam
588 1035 663 1100 pactio
675 1034 802 1099 conjugalis
814 1033 947 1100 societatis,
1001 1031 1002 1046 ¹

137 1107 279 1160 contrahitur
296 1105 382 1170 aliquid
394 1106 500 1157 affinitati
514 1105 603 1170 simile,
618 1105 707 1158 scilicet
722 1105 840 1168 npuhlioae
853 1105 946 1156 hones·
1001 1159 1002 1192 ἶ

136 1177 191 1230 tatis
202 1177 301 1241 justitia.
316 1193 330 1226 u

168 1248 303 1302 alternum
313 1247 519 1312 dicendum,quhtl
533 1247 609 1298 omnia
618 1245 945 1312 impedimentaquaelaciunt
1001 1235 1002 1264 ³

137 1319 254 1386 sponsalia
271 1333 317 1370 non
328 1332 380 1369 esse
393 1318 513 1382 sponsalia,
525 1331 572 1368 non
583 1317 718 1383 permittunt
727 1316 948 1382 expactionenup-
1001 1371 1002 1380 ¹

135 1391 219 1444 tiarum
240 1389 375 1440 affinitatem
390 1388 454 1438 lieri.¹
468 1389 532 1438 Unde
550 1387 599 1438 sive
614 1387 702 1438 hahens
714 1386 831 1438 deiectum
852 1389 946 1454 aetatis,
1001 1387 1002 1406 ³

137 1461 187 1512 sivo
204 1460 294 1510 habeus
307 1462 387 1508 votum
402 1458 503 1508 solemne
517 1457 681 1521 continentie,
696 1461 735 1508 aut
748 1457 840 1522 aliquod
858 1457 948 1523 hujus-

137 1531 200 1582 modi
209 1528 408 1593 impedimentum,
420 1528 537 1592 sponsalia
545 1530 574 1580 de
582 1530 642 1580 lacto
655 1530 783 1592 contrahat,
797 1543 826 1580 ex
834 1530 880 1580 hoc
893 1542 949 1583 non

137 1601 240 1666 sequitur
255 1599 331 1663 aliqua
349 1599 463 1662 affinitas,
480 1601 534 1664 quia
550 1601 667 1664 sponsalia
683 1601 828 1661 nulla-sunt,
843 1611 886 1650 nec
900 1601 949 1652 ali-
1001 1599 1002 1602 ’

138 1673 189 1738 quis
201 1671 318 1722 allinitatis
329 1673 419 1722 modus.
428 1671 452 1722 Si
463 1673 541 1722 tamen
554 1671 637 1735 aliquis
650 1670 724 1722 minor
735 1671 832 1734 inigitur
843 1671 881 1721 uel
893 1684 948 1724 ma·

137 1743 250 1796 lcficlatus
262 1744 352 1794 hahens
360 1743 547 1807 impedimentum
556 1746 762 1808 perpetuumante
772 1755 845 1794 annos
857 1742 947 1806 pulter-

137 1814 203 1875 raris,
216 1817 268 1876 post
277 1813 432 1877 septennium,
442 1816 561 1866 contrahat
574 1813 691 1878 sponsalia
705 1827 757 1864 com
768 1813 946 1880 atqueatoue,

139 1883 220 1937 extoli
234 1886 353 1934 contractu
366 1885 506 1936 contrahitur
522 1901 536 1933 «
553 1884 651 1948 publico
673 1884 800 1936 honestatis
809 1883 911 1948 justitia,
924 1901 944 1934 u
1001 1901 1002 1904 ¹

138 1954 193 2020 quia
204 1954 334 2005 aolhucnon
343 1955 425 2006 eratin
435 1959 488 2006 actu
497 1954 647 2020 impediendi,
657 1955 709 2008 chm
719 1955 744 2006 iu
752 1955 869 2008 talietate
883 1967 948 2019 puer

138 2023 235 2090 frigidus
250 2028 273 2076 et
290 2038 337 2078 non
345 2026 453 2092 frigidus,
466 2025 576 2092 quantiam
590 2028 619 2079 ad
633 2030 710 2079 uotum
723 2027 797 2090 ilum,
817 2026 848 2079 sit
866 2039 949 2092 oqua-

137 2096 189 2149 liter
202 2095 328 2162 impotens.

430 2207 592 2259 narremus
608 2207 636 2257 V.
728 2217 731 2222 ’

304 2331 389 2376 Utrum
399 2331 507 2387 cmoritur
516 2331 548 2376 sit
560 2343 633 2376 cauca
643 2331 779 2388 affinitatis.

169 2453 204 2505 Ad
217 2454 323 2516 quintum
339 2455 371 2506 sic
386 2455 523 2518 pmcorlitur.
537 2456 631 2508 Videtur
642 2457 766 2521 audatiam
776 2458 832 2509 ailln
846 2458 895 2510 itas
912 2461 948 2514 sit

138 2538 208 2580 causa
225 2525 350 2576 affinitatis.
366 2525 422 2584 Quia
436 2526 508 2578 Julius
526 2531 589 2592 Papa
605 2527 672 2592 dicit,
687 2532 711 2579 et
724 2528 821 2580 hahetur
844 2531 947 2598 XXXV,

139 2600 207 2663 qma
227 2610 233 2644 a
250 2595 473 2660 «consanguineam
492 2598 595 2648 relictam
617 2600 695 2650 uxoris
714 2613 761 2651 sum
783 2599 861 2651 nullus
875 2601 949 2658 uocat

139 2680 251 2730 uxorem;
267 2683 281 2714 u
293 2671 317 2716 et
328 2667 353 2716 in
366 2668 473 2732 sequenti
483 2668 558 2734 capite
568 2669 659 2734 dicitur,
670 2669 730 2736 quid
744 2672 818 2724 udum
827 2673 949 2736 consobri-

140 2751 222 2792 ucmm
237 2750 319 2788 uxores
328 2739 368 2788 uni
378 2739 440 2802 viro,
450 2741 520 2792 altera
531 2745 584 2804 post
599 2741 702 2805 alteram,
716 2743 802 2796 nubere
816 2744 947 2809 prohihen-

140 2813 187 2862 tur.
197 2825 211 2859 u
226 2810 270 2862 Seu
283 2811 327 2861 hoc
337 2824 383 2863 non
392 2816 427 2864 est
439 2811 485 2866 nisi
494 2812 583 2866 ratione
592 2813 727 2881 affinitatis,
737 2829 788 2882 quoe
799 2817 946 2872 contrahitur
1001 2877 1002 2880 Ἴ
