1998 3326
14 3119 18 3296 i

244 216 277 252 nn
291 216 456 252 unanimae
472 216 633 254 counitionis.
807 210 836 259 tt

37 291 176 342 conditionis.
191 292 224 340 Et
238 291 291 341 ideo
304 291 365 340 nihil
378 292 485 354 prohibet
495 291 556 342 inter
566 305 645 342 seruos
655 305 711 344 esse
721 295 838 360 conjugia,

37 363 148 414 ueletiam
162 363 230 413 inter
243 363 343 414 liberum
358 368 384 414 et
397 363 511 418 ancillam.

62 437 92 486 ad
107 435 243 486 seeundum
262 433 398 496 dicendum,
414 434 474 498 quod
494 435 554 485 nihil
569 435 675 500 prohihet
688 435 773 500 aliquid
786 450 840 492 esse

37 511 105 557 eontra
115 512 230 556 naturam
243 506 356 568 quantiam
369 505 399 556 ad
412 507 508 570 primam
521 507 672 557 intentionem
688 507 770 574 ipsine,
778 507 839 572 quod

37 592 73 628 non
83 582 120 629 est
131 581 220 628 eontra
233 581 338 626 naturam
351 577 463 642 qnantum
479 580 508 630 ad
524 580 649 630 secundam
662 581 714 644 ejus
727 580 839 632 intentio·

36 663 95 710 nern;
111 649 175 699 sieut
191 647 269 697 omnis
284 648 401 712 corruptio
416 653 440 698 et
456 649 558 700 deiectus
571 653 594 700 et
607 650 696 700 senium
708 654 744 702 est
759 656 839 704 centra

14 757 15 762 ι
36 724 147 778 naturam,
162 724 193 768 nt
206 718 291 768 dieitur
304 719 330 768 in
350 720 380 770 lt.
395 720 432 768 De
444 721 503 780 ooelo
517 723 593 784 (text.
617 721 680 785 ³7),
694 722 748 786 quia
761 727 841 774 natura

36 788 127 840 intendit
136 802 194 840 esse
208 794 232 838 et
241 789 423 852 perfectionem
435 803 481 843 nou
492 795 569 840 tamen
580 795 615 841 est
627 796 707 842 contra
716 793 840 847 secundam

37 859 185 910 intentionem
202 862 305 922 naturae,
325 859 380 922 quia
396 873 426 910 ex
444 873 488 922 quo
507 870 588 912 natura
603 873 649 912 nou
662 866 738 926 potent
750 875 840 914 muser-

36 943 81 980 rare
92 943 147 980 esse
165 930 192 978 in
203 943 269 992 uno,
280 929 436 980 conservatio
451 932 523 984 altero
536 933 597 996 qnod
613 937 734 996 generatur
745 946 774 984 ea
789 947 841 984 eor·

37 1001 139 1064 raptione
157 1000 274 1064 alteriua3
289 1006 312 1052 et
324 1002 416 1064 qnando
429 1007 509 1053 natura
522 1017 569 1054 non
585 1007 660 1068 potest
674 1005 797 1068 perducere
811 1005 841 1062 ad

39 1073 145 1135 majorem
155 1071 336 1135 perfectionem,
350 1072 438 1123 inducit
449 1074 478 1123 ad
489 1073 609 1138 minorem,
618 1075 678 1124 sieut
692 1075 782 1140 quando
795 1089 841 1129 non

38 1146 107 1206 potest
121 1145 203 1194 faeere
216 1141 356 1203 mamalum,
375 1143 431 1194 iacit
451 1143 585 1206 faeminam,
596 1159 646 1210 quae
661 1149 698 1196 est
711 1159 761 1196 mas
775 1159 843 1198 oeca-

39 1213 155 1276 aionatus,
169 1219 199 1264 ut
210 1214 294 1264 dieitur
304 1215 329 1264 in
340 1213 402 1264 XVI.
414 1217 450 1265 De
459 1215 567 1266 aninael.
577 1217 623 1280 (mi
638 1217 668 1267 11.
680 1217 717 1266 De
726 1220 842 1282 perteret,

39 1285 152 1344 animal..
162 1299 219 1350 cap.
233 1286 265 1349 a).
276 1287 388 1337 Similiter
400 1287 467 1338 etiam
479 1288 530 1338 dieo
539 1287 600 1354 qudo
611 1287 709 1338 servitus
717 1292 753 1338 est
762 1292 841 1338 contra

38 1359 129 1420 prinam
147 1359 304 1410 intentionem
324 1363 421 1422 natura,
438 1361 478 1410 sed
497 1373 543 1411 non
559 1364 596 1409 est
611 1362 690 1410 eontra
703 1361 843 1422 secundam,

39 1430 82 1493 qnia
92 1431 212 1481 naturalis
225 1431 283 1482 ratio
293 1431 322 1480 ad
338 1431 384 1480 hoe
392 1430 502 1494 inclinat,
517 1435 540 1482 et
553 1433 597 1482 hoo
611 1432 700 1495 appetit
713 1435 808 1492 natura,
817 1434 844 1482 ut

39 1502 127 1564 undeet
138 1501 171 1552 sit
182 1502 265 1566 bonus3
280 1503 323 1552 sed
334 1515 363 1550 ex
372 1513 418 1564 quo
429 1501 512 1566 aliquis
522 1505 614 1566 peceat,
627 1505 707 1552 natara
721 1501 791 1552 etiam
806 1501 843 1550 in·

39 1572 101 1622 adrat
119 1577 149 1622 ut
164 1585 197 1623 ex
210 1576 305 1636 peceato
323 1584 415 1635 poeuam
428 1576 542 1636 reportet,
558 1574 626 1624 etsie
641 1573 738 1624 servitus
752 1573 776 1622 in
792 1585 843 1636 pua·

42 1655 87 1693 narn
100 1641 199 1708 pemati
211 1643 340 1694 introducta
350 1650 393 1692 est.
409 1644 457 1694 Nee
475 1648 511 1693 est
522 1642 687 1694 inconveniens
699 1644 784 1706 aliquid
798 1657 845 1693 na-

42 1713 105 1764 turaie
117 1727 164 1776 per
178 1713 293 1776 hoeqnod
307 1713 591 1763 estmntranatnramhoe
606 1713 673 1763 modo
682 1710 801 1774 impediri;
811 1712 846 1762 sie

42 1782 95 1832 enirn
112 1782 289 1833 matrimonium
305 1782 429 1845 impeditur
442 1796 483 1846 per
497 1782 655 1848 impotentiam
670 1780 780 1844 coeundi,
794 1795 846 1846 qum

14 1913 15 1920 ἵ
42 1857 169 1905 esteontra
187 1857 292 1902 naturam
307 1853 502 1916 modoprzedieto.

72 1927 104 1976 dd
121 1925 219 1974 tertium
234 1925 370 1984 dicendum,
381 1924 444 1988 quod
455 1926 493 1986 ius
508 1924 609 1975 naturate
624 1923 693 1974 dietat
707 1923 767 1988 quod
778 1927 847 1988 poena

44 1996 71 2045 uit
84 2011 128 2060 pro
142 1997 214 2059 culpa
227 1995 360 2058 infligenda,
375 2001 398 2046 et
410 1995 471 2059 quid
485 1997 560 2046 nultus
574 1996 623 2046 sine
637 1996 704 2060 eulpa
717 1995 794 2060 puniri
807 1996 847 2046 da·

42 2066 97 2118 teat.
117 2067 167 2118 Sed
191 2067 343 2117 determinare
369 2080 460 2131 poenam
481 2066 604 2118 senunddm
623 2067 776 2118 conditionem
796 2079 848 2130 per·

42 2141 141 2190 aonaeet
155 2138 249 2200 eulpa,
263 2143 298 2188 est
313 2137 373 2204 juris
389 2137 491 2204 positivi.
507 2139 536 2190 Et
553 2139 606 2190 ideo
623 2139 736 2200 servitus,
751 2151 802 2200 qum
813 2141 849 2188 eat

45 2211 147 2272 quadam
156 2221 228 2272 poena
240 2209 400 2272 determinata,
412 2213 448 2261 est
458 2209 486 2260 de
495 2209 547 2272 jure
556 2209 670 2272 positivo,
684 2213 708 2260 et
721 2208 734 2258 'a
749 2208 847 2258 naturali

44 2281 211 2344 proficiscitur,
221 2279 280 2330 sieut
292 2281 467 2330 determinatum
481 2282 508 2330 ab
524 2281 707 2331 indeterminato.
721 2279 750 2328 Et
766 2279 849 2332 eodem

43 2353 89 2414 jnre
103 2351 207 2417 positivo
217 2351 382 2405 determinante
394 2356 430 2402 est
446 2351 546 2412 iactum,
558 2351 617 2418 qudd
634 2351 733 2402 servitus
745 2350 850 2413 ignorata

45 2421 216 2473 matruuonium
234 2422 358 2486 impediat,
377 2436 406 2474 ne
423 2423 506 2486 aliquis
522 2424 571 2473 sine
592 2423 658 2486 culpa
676 2422 800 2486 pupianum
814 2425 852 2478 eat

47 2495 105 2544 enirn
119 2493 228 2557 quaedam
242 2507 311 2558 prena
325 2494 401 2546 uxoris
418 2494 480 2560 quod
496 2495 579 2546 trudeat
591 2493 666 2544 virum
682 2505 773 2544 sermm
783 2493 852 2558 pete

48 2577 167 2616 conuerso.

73 2637 107 2687 nd
117 2641 228 2702 quartum
246 2638 382 2701 dicendum,
398 2638 458 2702 qndd
470 2639 545 2703 aliqua
559 2638 723 2702 impedimenta
737 2641 792 2689 aunt
801 2649 852 2699 oum

50 2705 136 2758 iaciunt
156 2708 328 2759 matrimonium
347 2708 458 2759 illicitum.
473 2711 501 2760 Et
516 2709 569 2772 quia
586 2710 692 2758 voluntas
711 2711 789 2758 nostra
806 2720 853 2758 non

49 2777 101 2829 iacit
115 2780 208 2830 licitum
227 2779 312 2844 aliquid
328 2793 379 2830 esse
396 2781 434 2831 vel
446 2781 549 2833 illicitum
562 2817 569 2841 ,
586 2780 625 2831 aed
639 2780 677 2830 lex
691 2778 729 2830 eoi
751 2780 853 2832 noluntas

53 2849 116 2901 uidi
127 2851 206 2910 debet,
219 2851 272 2902 ideo
286 2849 413 2914 ignorantia
424 2852 481 2902 tatia
491 2850 658 2914 impedimenti,
672 2862 723 2913 quae
738 2850 853 2898 uolentu-

52 2923 119 2972 rium
132 2922 204 2984 tollit,
216 2924 253 2974 nel
269 2923 365 2978 seientia
379 2923 437 2974 nihil
452 2922 506 2974 iacit
520 2923 547 2972 ad
558 2923 603 2972 hoc
614 2920 674 2984 nudo
688 2918 810 2970 matr'unoi·'
