1954 3314
160 137 205 184 tlt'l
271 149 470 199 norrununnrmn,
488 151 580 196 oonsn.
597 137 770 202 erravistis.
789 159 827 196 nr.

152 222 182 274 lta
199 227 222 274 el
235 236 295 275 mors
308 237 358 288 quaa
370 229 405 276 esl
421 225 517 289 privatio
528 227 594 290 vila,
606 227 737 292 simpIIeiter
753 238 790 284 est
805 247 902 300 poeuosa
920 242 942 289 el

150 292 248 344 maxima
257 307 387 357 poenarum,
396 295 421 344 in
430 299 539 358 quantum
553 297 664 348 subtrahit
674 299 771 362 primum
783 303 872 357 bonum
882 311 892 369 I
901 311 943 359 soi·

150 363 202 428 lieet
215 378 277 420 esse,
290 377 341 414 enm
354 373 398 428 quo
407 365 483 414 omniu
496 366 539 416 alia
548 367 734 432 subtrahuntur);
744 373 787 423 sed
797 373 823 424 in
834 383 942 440 qnantum

148 433 223 496 privat
241 434 321 486 malam
335 435 404 486 ultam
418 439 442 486 et
456 448 506 500 qna
517 440 553 488 ast
564 437 589 488 in
598 437 711 502 tristitiis,
721 445 757 492 est
770 441 794 493 iu
815 449 941 498 remedium

148 515 276 568 poenarum,
290 517 347 568 quas
358 507 470 556 terminat.
481 507 510 557 nt
519 519 562 570 per
573 520 724 572 consequens,
736 513 820 565 mortis
833 517 940 568 subtrac-

109 571 112 595 ³
146 569 257 625 moestia
266 579 410 639 angmentum
424 589 553 648 poenarum,
570 592 626 642 quas
643 585 766 644 perpetuus
779 585 847 636 lacit.
860 587 887 638 Si
903 602 940 638 an·

147 651 192 696 tom
207 645 294 696 ditatur
307 657 367 696 mors
382 657 432 698 esse
449 649 545 712 ponatis
557 653 649 714 propter
664 653 803 714 corporalem
819 655 940 722 dolorem,

146 725 213 778 quem
224 715 325 765 sentiunt
335 716 465 781 monentes,
473 729 519 769 non
527 723 563 770 est
572 720 665 770 dubium
674 721 735 784 quod
747 724 819 776 multo
830 729 940 788 majorem

145 783 245 834 uolorem
254 785 353 836 damuati
364 785 471 836 continue
477 787 629 839 sustinebunt.
639 790 734 841 llnclein
743 797 860 858 perpetua
871 803 939 848 morte

144 866 194 904 esse
204 854 325 918 dicuntum
337 857 397 907 siout
406 859 516 921 seriptum
529 863 566 910 esi
578 859 604 910 in
614 861 707 912 Psotm.
723 861 815 914 xnvlll
828 881 835 916 r
852 883 866 916 a
881 869 938 918 liora

143 925 251 990 rlepasoet
261 937 308 976 eos.
324 938 338 976 a
483 928 485 932 ’

428 1034 586 1088 rnnrununs
602 1039 640 1102 ιιι,

181 1157 265 1204 Utrum
274 1169 374 1214 corporo
389 1157 558 1203 doaraootoonaoa
573 1159 716 1216 sintsotaara
729 1161 902 1222 impassibilia.

172 1283 204 1334 IId
211 1282 301 1334 tortium
311 1281 490 1346 slaproooliaur.
501 1281 594 1335 vllotur
603 1285 663 1348 quod
672 1298 766 1350 corpora
774 1290 934 1344 damnatorum

138 1353 212 1404 totana
224 1353 271 1404 sint
284 1351 438 1417 impassibilia.
453 1353 525 1414 Quia,
540 1355 663 1407 secundina
680 1357 842 1424 Philosophum
857 1365 883 1414 in
898 1365 934 1414 tl.
968 1387 969 1394 κ

139 1423 232 1487 topic„
246 1435 296 1488 cap.
307 1426 331 1483 a,
348 1438 363 1470 «
377 1422 451 1474 omnis
458 1421 534 1487 passio
547 1425 621 1488 magis
631 1425 690 1477 laotu
704 1427 809 1490 oblinita
823 1432 934 1484 substau-

138 1491 168 1542 tn
179 1492 303 1562 (rpasm
319 1508 333 1541 «
347 1491 361 1542 a
373 1491 450 1556 onata,
468 1493 680 1559 stuppamque
695 1497 823 1564 intrantur,
834 1515 935 1555 necesso
968 1469 969 1560 l

136 1563 335 1628 estilludtandem
346 1565 456 1628 consumi,
466 1581 480 1613 a
492 1567 518 1615 nt
525 1565 608 1616 mettun
616 1565 643 1616 in
654 1569 673 1618 l.
683 1567 784 1632 olyrac.
798 1573 870 1636 (text.
882 1579 933 1638 37).
968 1561 969 1620 I

135 1635 501 1702 lingoaioorporadamnatomm
510 1637 933 1709 eruntpassilailiaetsemporpatieu·
968 1621 969 1696 I

133 1709 330 1774 immortaleque
344 1706 449 1758 deficient
469 1710 492 1758 et
504 1713 684 1771 corrumpentur.
699 1711 764 1771 Quod
778 1714 865 1766 laisum
881 1731 932 1770 osae
968 1699 969 1776 I

133 1781 250 1828 ostensum
260 1783 296 1830 est
306 1783 348 1830 ort.
364 1782 388 1828 2.
399 1779 457 1843 nrpo
472 1783 539 1831 munt
551 1780 707 1844 impassibilia.
968 1827 969 1834 ,

165 1853 189 1896 2.
210 1849 340 1911 Pratema,
360 1859 453 1898 «omne
478 1860 548 1913 agens
562 1849 672 1902 assimilat
692 1851 737 1904 sili
754 1855 854 1918 patiens.
871 1875 887 1908 o
905 1860 932 1912 Si

132 1929 186 1980 ergo
200 1929 292 1982 oorpora
303 1919 456 1969 damnatorum
465 1919 581 1982 patientur
589 1921 618 1970 alo
629 1920 697 1986 igne,
707 1923 766 1988 ignit
776 1938 803 1977 eu
815 1929 861 1979 sili
874 1933 932 1982 assi·

132 1987 228 2039 milahit.
242 1987 285 2038 Seu
297 1999 344 2040 non
356 1988 468 2038 consumit
479 1989 544 2041 aliler
560 1989 619 2054 Ignis
632 2003 739 2058 corpora,
756 1996 803 2048 nim·
817 1998 842 2049 in
855 2013 930 2064 quan·

131 2059 180 2108 tum
194 2071 221 2110 oa
235 2057 278 2108 sihi
290 2055 420 2108 assimilans
433 2058 535 2109 resolnil.
551 2060 576 2111 si
594 2073 648 2125 orgo
661 2075 755 2128 corporo
768 2066 925 2122 damnatorum
968 2049 969 2124 Ῐ

130 2133 197 2178 eruut
208 2127 323 2193 passibilia
336 2127 364 2177 ab
373 2127 442 2194 igno,
456 2131 591 2195 quandoque
601 2141 771 2188 consumantur.
780 2137 810 2189 Et
820 2140 854 2191 sio
865 2141 926 2193 idem

129 2199 189 2261 qnod
203 2197 272 2262 prins.
772 2215 774 2220 '

162 2272 186 2318 a.
201 2269 313 2319 Praeterea
325 2268 431 2320 animalia
444 2273 527 2335 quein
538 2275 651 2338 igneolus
665 2279 809 2342 oorrnptione
819 2281 926 2336 (licuntur

128 2337 224 2400 virere,
241 2341 268 2387 ut
286 2339 314 2389 de
327 2337 471 2393 salamandra
484 2341 580 2406 dicitur,
596 2346 624 2396 ab
641 2347 693 2408 ipre
713 2360 758 2400 non
777 2350 922 2419 alliennium

129 2408 215 2458 animal
232 2407 294 2460 enim
310 2409 365 2474 (vel
378 2412 468 2476 anima)
479 2413 556 2466 dolore
574 2417 675 2480 eorporis
691 2429 737 2469 nou
751 2418 868 2487 affligitur,
879 2425 922 2476 nisi

127 2487 209 2541 eorpus
224 2479 300 2544 aliquo
320 2482 386 2533 modo
399 2481 502 2535 ludatur.
517 2483 542 2536 Si
554 2497 719 2552 arpo-corpora
730 2489 887 2544 lamnatomm
898 2495 921 2545 ia

125 2553 179 2610 igno
188 2550 239 2601 sina
248 2555 390 2617 corruptione
400 2566 515 2608 remanere
525 2558 630 2623 possint,
640 2559 732 2612 siootet
745 2561 854 2613 animalia
865 2577 921 2628 pre·

126 2617 198 2683 licta,
214 2623 240 2670 ut
257 2623 395 2685 Augustinus
407 2624 432 2676 in
445 2624 485 2677 lio.
503 2625 540 2677 De
553 2627 634 2680 civit.
656 2630 712 2690 Dei,
729 2631 785 2682 uicit
797 2633 848 2693 (lio.
859 2635 919 2698 llxl,

159 2761 193 2824 (¹)
207 2765 251 2812 Vel
265 2767 330 2823 1⁰¹⁸ss
341 2779 440 2825 [timim
459 2769 545 2830 ἐξιςησι
560 2775 601 2831 τῆς
614 2775 705 2838 eleros,
720 2773 807 2832 delium
826 2779 917 2826 aruo-

124 2836 229 2885 atanlio.
245 2839 327 2896 iprum
342 2841 453 2898 pultona.
473 2841 510 2887 rel
523 2853 571 2887 rem
582 2849 639 2900 'oum
652 2843 755 2902 passioni
771 2848 900 2906 subiicitur·
