2026 3304
242 189 273 228 bs
288 187 450 229 nicolusio
465 189 639 242 nlorbntt‘tb,
655 191 708 231 stc.
829 185 875 230 ΠΒ

102 271 128 318 t.
144 268 279 327 misma,
291 265 423 330 impotentia
436 267 531 318 coeundi
542 305 548 328 ‚
559 267 605 318 nisi
616 268 646 318 eit
656 271 764 334 perpetua
775 276 798 320 et
810 269 875 332 igno-

18 359 20 407 2
71 343 134 402 rau,
151 351 202 390 non
219 337 314 402 impedit
325 336 502 389 matrimonium.
512 339 558 389 Sed
569 339 672 390 delectus
689 340 763 393 orans
781 347 876 391 nonest

71 414 203 475 perpetuus
218 421 261 459 noc
275 408 398 472 ignoratos.
413 409 471 471 drgo
485 423 530 460 nou
544 409 638 474 impedit
649 412 827 464 matrimonium.

102 487 129 532 o.
150 482 279 542 morea,
293 491 341 531 non
355 479 482 530 conductor
495 481 519 532 in
538 481 614 544 aliquo
628 481 785 547 predictorum
799 483 876 549 impe-

71 554 247 614 dimentorum
263 554 288 602 et
307 551 339 602 iia
364 563 410 601 non
432 551 521 602 ridetur
540 565 591 604 esse
615 554 754 606 matrimonii
778 555 874 620 impedi-

71 627 189 676 mentum.
823 631 825 636 '

103 696 151 746 Sed
166 699 257 755 contra,
272 693 393 745 decretalis
405 693 460 745 dicit
471 695 556 759 quod-u
567 707 627 759 pnes
635 697 674 761 qui
684 703 812 764 non-potest
825 703 875 752 red-

71 767 128 818 dere
142 765 257 827 debitum,
271 779 315 816 noo
326 769 362 815 ost
374 769 441 830 aptus
451 765 605 818 matrimonio.
619 768 753 820 »sedante
763 770 874 821 decimum

70 840 182 900 nannum
194 849 277 886 nonum
283 871 291 898 ,
305 839 331 886 ut
343 835 367 886 in
377 836 497 901 pluribus,
512 850 559 890 non
570 842 646 902 potest
656 839 749 891 reddere
759 841 872 902 debitum,

70 913 96 958 nt
111 908 139 958 iu
152 907 195 958 lx.
210 906 369 957 animalium
382 905 473 958 dicitnr.
487 909 555 972 Ergo,
572 914 618 960 eto.

104 983 236 1040 Protorea,
250 976 373 1029 nomnium
384 978 465 1029 natust
475 980 630 1031 monentium
642 981 729 1042 positus
744 987 781 1048 est
793 984 875 1034 termi-

71 1065 119 1102 nas
134 1049 301 1114 magnitudinis
309 1051 467 1114 coaugmenti.
477 1069 492 1098 s
506 1051 572 1102 stou
582 1051 681 1113 ridetur,
693 1053 744 1103 ciem
759 1055 875 1104 matrimo-

18 1163 20 1168 ,
71 1123 139 1174 mom
152 1123 185 1173 sit
199 1121 314 1185 naturale,
328 1121 387 1186 qobd
400 1122 482 1173 debeat
494 1123 578 1174 urbm
589 1124 762 1175 determinatum
774 1129 873 1190 tompus,

72 1209 115 1261 per
128 1195 199 1260 cujus
211 1193 324 1246 delectum
337 1194 481 1259 impedietur.

108 1267 311 1328 (cornuum-
320 1263 378 1316 cim
390 1264 418 1316 ad
432 1267 600 1319 matrimonium
611 1267 736 1333 requiratur
750 1281 876 1319 consensus

72 1340 98 1389 in
109 1336 276 1402 obligationem
286 1339 435 1400 perpetuam,
447 1342 587 1389 contractum
601 1343 738 1391 armannus
751 1339 876 1402 pubertatis

73 1410 165 1460 nullum
177 1411 228 1471 est,
239 1406 285 1458 nisi
293 1405 352 1458 lorti
361 1409 433 1460 atriis
445 1409 559 1460 deiectum
572 1410 639 1473 nigor
649 1413 736 1462 natura
747 1413 770 1460 ct
782 1409 877 1461 rationis

74 1478 250 1548 suppleverit.)
309 1505 311 1510 .

18 1543 19 1566 ¹
105 1551 249 1617 Respondoo
265 1549 483 1615 dicendnm‚'oubd
504 1551 685 1616 scamonium,
702 1553 755 1604 cdm
774 1554 813 1604 lat
836 1567 876 1616 par

74 1626 171 1677 modum
189 1621 307 1686 cujusdam
322 1623 463 1686 contractus,
477 1624 614 1678 ordinationi
625 1623 683 1688 legia
700 1624 804 1690 positive
825 1626 877 1676 sub-

72 1696 152 1760 jacet,
168 1693 230 1744 sicut
244 1695 268 1743 et
283 1691 323 1742 alii
335 1695 473 1746 contractus.
489 1695 554 1747 Unde
570 1691 694 1746 secondim
707 1693 759 1757 jnra
771 1693 877 1744 inormi-

75 1771 159 1819 natnm
172 1763 284 1828 estquod
299 1766 352 1814 ante
364 1761 419 1814 illnd
436 1769 528 1830 tompus
546 1763 704 1827 discretionis,
721 1779 767 1830 qno
781 1769 877 1830 uterquc

75 1838 151 1903 possit
164 1837 193 1888 de
210 1834 356 1886 matrimonio
370 1835 511 1888 sufficienter
524 1836 664 1900 deliberare,
678 1841 701 1890 ct
718 1837 876 1904 debitumlsibl

76 1909 176 1960 invicem
191 1907 300 1969 reddero,
315 1905 458 1958 mutrimonia
471 1909 701 1974 noncontmbantur3
716 1911 739 1960 et
753 1910 772 1961 si
786 1909 877 1968 nonita

76 1983 136 2033 nota
150 1979 253 2041 luerint,
264 1978 408 2029 dirimuntur.
421 1979 469 2029 Hoc
480 1984 556 2031 annm
569 1985 673 2046 tempm,
686 1985 711 2032 ut
725 1981 751 2031 in
764 1973 876 2048 pluribus,

77 2057 112 2104 cst
128 2055 153 2103 iu
170 2051 277 2102 masculis
292 2049 316 2100 io
330 2054 410 2114 quarto
426 2051 513 2103 decium
527 2063 604 2114 anno,
618 2053 644 2102 in
660 2052 746 2104 lomina
762 2057 838 2103 autom
852 2053 877 2102 in

19 2141 20 2180 ς
77 2123 223 2176 duodecimo.
238 2119 295 2182 Quia
308 2126 385 2172 tamen
399 2129 512 2188 praecepta
529 2123 588 2187 jnris
599 2123 693 2188 positivi
714 2127 839 2187 sequuntur
852 2123 877 2172 id

77 2197 138 2262 qnod
153 2196 179 2245 in
193 2193 297 2260 plnribos
308 2197 357 2258 est,
366 2193 386 2246 si
397 2194 480 2258 aliquis
490 2197 518 2252 ad
534 2189 698 2260 &unctionem
715 2195 812 2246 debitam
826 2197 878 2244 ante

78 2275 172 2334 tempus
191 2265 324 2331 predictum
340 2267 472 2330 perveniat,
489 2267 522 2316 ita
539 2263 600 2330 quod
615 2265 679 2330 vigor
692 2269 778 2316 naturae
797 2267 821 2316 et
840 2277 877 2314 rn-

77 2338 150 2391 tlonis
162 2335 278 2388 deiectum
288 2338 362 2388 atatis
374 2337 488 2403 suppleat,
499 2337 668 2404 matrimonium
682 2349 728 2388 non
737 2333 876 2386 dissolvitur.

19 2427 20 2444 2
78 2411 107 2461 lit
116 2409 187 2472 ideo,
198 2409 218 2460 si
232 2409 390 2460 contrahentes
406 2412 546 2470 ambrones
564 2407 689 2476 pubertatis
697 2445 706 2472 ,
720 2409 772 2457 ante
786 2409 878 2470 tempus

80 2481 215 2547 omninum
230 2479 350 2531 carnaliter
367 2479 454 2532 luerint
468 2481 583 2546 copulati,
599 2478 746 2531 nibilominus
763 2477 878 2529 matrimo-

81 2553 146 2604 nium
159 2551 270 2618 perpetnb
288 2553 333 2602 stat
348 2551 512 2612 indissolubile.

115 2627 149 2676 nd
168 2623 266 2690 primum
283 2637 336 2688 ergo
348 2625 492 2689 dicendum,
502 2624 565 2688 oudo
585 2623 610 2674 in
627 2622 672 2673 illis
690 2621 718 2672 ad
732 2635 782 2685 quae
799 2625 879 2672 tratura

82 2697 190 2760 inclinet,
203 2707 250 2747 non
263 2695 364 2761 eripitur
375 2700 453 2748 motus
464 2697 530 2760 vigor
541 2692 638 2748 rationis
653 2693 681 2745 ad
698 2691 877 2753 deliberandum,

82 2769 142 2820 sicot
154 2768 179 2818 in
195 2765 255 2819 aliis.
269 2768 298 2818 lot
306 2767 357 2820 idco
369 2771 420 2819 note
432 2771 509 2832 potest
517 2767 543 2817 in
557 2765 726 2816 matrimonium
738 2762 879 2815 sufficienter

83 2839 211 2892 deliberans
223 2839 365 2910 consentire,
378 2839 446 2903 quim
463 2839 537 2904 possit
557 2837 580 2888 in
598 2835 750 2888 contractibus
772 2833 822 2884 aliis
845 2845 881 2880 ros

85 2923 138 2964 suas
151 2911 201 2965 sino
219 2913 291 2964 tutore
304 2915 450 2976 pertractare.
