1948 3312
184 183 216 220 bis
228 179 359 228 ubilaim!
375 179 450 220 nunni
466 179 524 219 1²08!
540 177 661 219 JUDlClUB.
773 177 819 226 595

23 257 161 310 rioribus.»
173 255 217 308 Sel
229 254 345 320 generatio
354 254 452 308 cessabit
460 253 571 322 wmpleto
586 264 680 308 nonno
688 255 818 308 ebobruun.

24 329 90 394 Ergo
103 331 181 380 rnotus
192 326 245 380 noeli
256 326 360 379 sussubio.

57 403 185 463 Preoeroa,
199 397 292 449 somnis
299 399 373 449 motus
383 400 418 448 ost
426 401 519 463 propter
527 397 625 463 aliquem
635 397 712 460 inem,
720 411 735 446 u
744 402 771 447 nt
784 397 820 449 oi·

26 470 90 522 citur
106 471 131 520 ia
144 468 174 518 ll.
195 467 332 532 aesopius.
344 468 416 532 (text.
431 470 474 532 s).
488 467 532 519 sod
552 468 626 520 omnis
640 470 716 518 molus
734 465 775 531 qui
786 469 822 518 est

27 543 123 606 propter
131 539 215 600 busur,
226 538 301 590 babitu
314 537 359 589 line
372 538 476 610 quiescit.
486 536 545 602 Ergo
561 539 599 589 rel
612 543 687 590 motus
700 539 750 590 ooeli
763 551 822 588 nun·

27 621 100 676 quarn
114 611 264 672 consequetur
276 607 345 662 finem
354 619 421 660 suurn
428 643 437 672 ‚
449 611 474 660 ot
491 609 526 659 sio
540 611 603 661 esset
614 608 712 672 [sowa.
724 609 761 659 uel
776 607 823 660 eli-

26 679 122 748 mando
133 681 242 742 quiesset.
702 685 707 696 ’

61 751 191 812 Pmterea,
210 749 276 812 quies
292 751 327 802 est
343 747 440 802 nobilior
450 748 519 812 quim
530 751 620 812 mnus,
634 748 822 813 quaesentibus

28 822 77 874 boo
88 819 151 885 quoi
163 831 200 871 res
213 822 267 870 suot
274 817 416 882 immobiles,
430 819 477 871 beo
487 819 559 885 magis
569 819 728 884 assinuilarrlur,
743 822 767 871 in
778 833 823 884 qno

28 894 68 944 est
81 901 170 942 somma
187 888 339 941 immobilitas.
354 890 399 942 sea
413 899 531 954 eorporuro
549 889 680 944 interiorum
693 892 767 942 motus
780 893 823 942 ter·

29 961 134 1016 rrrioatur
148 959 279 1011 naturaliter
292 959 320 1011 ab
336 959 442 1023 melaro.
460 959 533 1024 orgo,
551 959 603 1012 obus
614 971 709 1024 corpora
724 959 824 1012 ooelestia

29 1032 80 1083 sul
94 1027 168 1080 molto
183 1028 308 1092 nobiliora,
317 1039 395 1084 eornm
405 1033 480 1081 motus
491 1030 621 1083 naturaliter
631 1030 659 1082 so
668 1029 766 1094 quietoor
777 1035 824 1082 ter·

29 1099 157 1153 minabitur
168 1100 209 1164 tl).

63 1171 218 1235 (consensio.
228 1195 260 1212 -ι-
269 1168 324 1222 cium
340 1183 435 1235 corpora
448 1171 562 1234 ooelestia,
576 1169 634 1222 siout
647 1174 671 1222 et
682 1169 733 1231 alia,
744 1171 769 1221 ln
778 1170 825 1222 bo·

31 1243 124 1294 minum
137 1240 286 1293 ministerium
302 1241 434 1304 laetasint,
449 1245 472 1293 et
490 1253 568 1294 eorum
583 1239 709 1292 ministerio
721 1241 825 1293 homines

31 1309 155 1376 gloriisuti
170 1321 216 1361 uon
228 1309 325 1374 emollius
337 1309 468 1374 indigeant,
482 1314 557 1364 motus
568 1309 635 1374 ooli,
653 1309 731 1363 brist
740 1309 825 1364 uolon-

31 1385 82 1436 tate
95 1381 120 1432 io
130 1378 238 1444 iaciente,
251 1381 344 1432 bomine
357 1379 480 1446 glorificato
493 1380 612 1444 cessabit.)

65 1451 205 1515 Respondes
220 1450 350 1513 borium,
360 1451 420 1517 quos
432 1452 491 1504 eirea
501 1454 568 1504 istam
581 1451 726 1518 missionem
736 1457 772 1504 est
786 1452 826 1504 tri·

32 1523 91 1588 ples
106 1521 199 1586 positio.
211 1521 285 1573 Prinna
294 1525 331 1573 est
338 1523 539 1588 solemniorum,
549 1523 589 1588 qui
596 1523 674 1575 diuum
681 1521 741 1588 qnbtl
751 1527 826 1576 motas

32 1591 91 1647 wli
104 1602 195 1656 semper
207 1591 304 1645 lumbi.
313 1592 357 1644 Sei
370 1593 413 1646 boo
423 1605 469 1645 uon
480 1595 517 1645 esl
531 1605 656 1647 obsonum
669 1592 722 1646 briei
734 1597 824 1654 sunm,

33 1675 89 1730 quae
102 1662 168 1727 ponit
180 1665 266 1713 eertum
281 1674 400 1713 numerum
411 1662 532 1715 electorum
550 1663 685 1728 puluinum
698 1663 712 1715 b
727 1663 773 1714 boo
779 1679 788 1726 ς
802 1666 827 1714 ot

32 1736 69 1789 sio
80 1733 173 1798 owner
187 1731 247 1796 uuio
258 1733 374 1796 geruntio
386 1733 503 1786 hominum
516 1745 562 1788 uon
575 1735 600 1786 in
608 1736 744 1800 perpetuum
752 1734 826 1796 iuret,
912 1759 915 1766 ·

33 1812 59 1859 et
73 1805 157 1858 eaiom
166 1804 251 1856 mione
264 1815 307 1854 uec
318 1803 361 1854 alia
374 1817 424 1867 quae
435 1804 464 1856 ai
481 1805 646 1868 generaliorem
658 1805 758 1858 bominis
767 1807 827 1859 orii·

34 1880 134 1936 nentur,
148 1873 252 1925 sioutost
264 1879 338 1925 notus
350 1873 402 1926 coeli
414 1875 585 1928 etuariatioues
598 1875 766 1929 elementorum.
782 1875 827 1928 liii

33 1945 94 2000 verb
103 1945 183 1996 bunut
192 1943 252 2010 outo
265 1943 400 1996 motososeli
414 1945 512 1997 oesssbit
524 1945 648 1998 seeundum
660 1950 771 1999 naturam.
784 1946 828 2000 Sol

33 2021 84 2072 boo
101 2016 171 2069 etiam
190 2018 226 2068 est
244 2017 342 2079 laisum,
360 2016 412 2080 quia
430 2028 497 2070 omne
514 2029 595 2083 eorpus
615 2018 676 2082 quoi
697 2015 828 2070 outnubter

34 2087 139 2156 quiescit
149 2090 173 2138 et
183 2085 313 2140 natumlitor
320 2090 434 2151 mouetur,
443 2087 514 2140 babet
523 2087 596 2140 losum
606 2087 631 2140 io
642 2101 686 2154 quo
697 2086 829 2140 naturaliter

33 2156 155 2224 quiescit,
169 2157 198 2208 ai
215 2167 283 2220 onem
297 2161 400 2209 mouetur
410 2157 553 2221 naturaliter,
566 2162 591 2211 et
603 2160 618 2211 a
631 2171 676 2224 qno
689 2171 734 2212 noo
745 2159 830 2211 resedit

34 2229 84 2282 rrisr
99 2237 141 2292 per
151 2225 291 2279 uiolentiam.
304 2227 384 2279 Nullus
397 2232 473 2280 autem
490 2228 543 2280 talis
557 2231 620 2283 loeus
631 2233 707 2295 potest
719 2227 829 2292 assignari

34 2297 128 2363 eorpori
140 2295 226 2348 caelesti
235 2333 243 2358 ,
253 2297 306 2362 qnia
319 2309 365 2349 nou
379 2303 415 2350 est
426 2298 497 2362 magis
511 2299 619 2352 naturalis
632 2299 675 2352 soli
685 2310 788 2350 accessus
801 2297 829 2348 ai

34 2371 152 2435 prunetum
165 2365 271 2430 brionis,
281 2365 349 2432 qutun
358 2377 461 2420 recessus
472 2368 500 2420 ab
513 2381 550 2420 eo.
563 2371 627 2422 linio
640 2369 677 2423 uel
690 2374 765 2421 motus
779 2370 829 2434 eins

70 2491 109 2556 (1)
123 2493 174 2540 lion
184 2493 219 2540 sio
228 2497 307 2539 tomen
317 2493 433 2541 oonoioslit
445 2494 513 2552 qussi
523 2494 568 2541 boo
584 2507 663 2542 serum
676 2499 754 2556 potet,
768 2501 795 2542 ut
807 2498 831 2544 in

36 2559 111 2616 buius
132 2560 157 2600 et
170 2555 319 2612 psaeoodsntls
338 2558 481 2615 momenti,
493 2557 642 2615 responsione
665 2557 724 2605 inira
743 2560 832 2617 patebit

36 2617 174 2670 evidentem
190 2617 231 2662 sei
242 2617 302 2674 quod
317 2618 378 2676 sepe
395 2619 450 2665 alibi
460 2619 528 2678 lauit,
542 2625 568 2664 ui
583 2631 631 2666 nou
645 2631 737 2678 semper
747 2623 830 2680 proba-

36 2679 113 2728 tionis
127 2677 180 2725 looo
193 2683 287 2736 usurpet
304 2678 358 2724 illusi
374 2685 557 2738 argumentorum
572 2693 653 2742 geone,
666 2693 717 2740 oon
731 2684 832 2742 spuebat

37 2741 88 2791 sed
100 2742 196 2790 contro,
209 2737 327 2786 bisetium
339 2739 431 2798 planum
441 2748 477 2788 est
489 2753 608 2803 usurpare,
620 2749 646 2790 ot
657 2743 776 2792 dubitandi
788 2758 830 2804 pro

40 2802 360 2913 :slutffigiffiffifaumm'
373 2814 419 2850 uon
429 2803 491 2852 uelut
504 2804 675 2856 liniamentum
688 2805 716 2854 ati
727 2813 834 2856 astruen-
