1948 3312
170 91 206 128 ott
218 88 362 129 counitionis
376 87 585 128 RESUSGHATORU!
602 89 625 126 tlt
638 87 740 128 conlcto,
810 81 854 132 551

32 164 130 217 ultera
143 163 214 217 sinac
227 163 280 228 (lll.
298 163 377 222 Seni„
395 163 447 214 dist.
469 161 509 226 tn]
520 163 565 227 (lp
581 163 672 214 scilicet
684 163 743 226 quod
761 169 853 228 pomata

35 249 100 300 quor
116 238 182 286 suut
194 245 235 299 per
249 233 404 298 ponentium
418 233 508 295 deleta,
526 233 549 283 iu
562 234 648 297 judicio
667 235 719 286 aliis
733 246 779 284 uon
790 238 852 298 pate-

38 308 118 358 tient.
134 304 189 357 Sed
204 317 234 356 ex
253 305 297 356 lsoc
313 306 444 367 sepuerclnu
455 303 515 368 quod
528 315 570 354 nac
586 304 659 355 etiam
672 305 806 368 punitentia
823 305 853 356 de

38 376 160 440 peccatis
181 373 229 426 illis
244 373 343 439 perfecte
357 377 511 436 cognoscatur.
528 374 553 424 ln
573 388 620 438 quo
641 374 733 425 multum
750 375 852 425 detrahe-

38 455 117 498 retur
125 449 262 498 sanctorum
271 445 348 508 plocio
356 449 379 494 et
388 443 450 496 laudi
459 444 612 510 diuinuepquun
622 453 667 495 tam
679 444 852 496 misericorditer

41 520 152 568 sanctos
168 515 283 568 liberauit.
751 521 754 526 ·

80 587 236 652 nupciarum
246 598 300 648 sugo
311 583 596 650 cenomannicum
606 585 859 650 neriapraecelentta„

43 659 90 712 nel
103 659 226 720 demerim,
237 658 322 710 taciem
330 659 427 722 aliquam
442 657 590 720 quantitatem
601 655 705 721 ingloria
717 657 753 707 vel
763 655 852 708 miseria

45 729 159 783 nominis
180 727 369 792 remigantum
392 727 443 779 iuteo
459 741 488 778 ex
505 726 655 777 exterioribus
673 726 729 778 uisis
747 731 853 790 poteraut

46 803 141 852 cuncta
162 799 189 850 in
204 797 349 852 nascentiis
361 797 449 856 uidem
464 801 488 848 et
503 795 619 860 precipue
639 796 717 848 diuina
730 797 814 850 uirtute
824 799 852 848 sul

47 873 100 924 hoc
110 873 237 936 operante,
248 873 275 920 ul
290 869 402 921 sententia
414 869 497 933 judicis
507 871 571 930 lustu
585 867 691 919 omnihus
705 875 819 932 appareat

84 941 122 992 Ad
135 940 265 994 meorumue
280 937 416 1001 licendum,
433 937 495 1002 quon
508 936 588 989 menta
603 938 640 988 sel
657 936 768 990 demerita
783 941 860 1002 pote--

50 1017 112 1064 runt
126 1011 180 1064 aliis
196 1009 286 1063 ostendi
305 1009 331 1060 iu
345 1009 538 1070 suscitantibus,
555 1011 582 1058 nt
594 1019 623 1058 ex
638 1007 704 1059 lictis
717 1011 798 1073 patet,
813 1011 852 1062 uct

53 1083 130 1135 etiem
141 1082 167 1134 in
177 1081 270 1146 seipsis,
281 1093 322 1146 per
332 1081 432 1132 &vinam
444 1081 562 1142 uirtutem
572 1079 676 1142 quamuis
684 1079 712 1131 ad
725 1079 769 1132 hoc
778 1079 851 1132 uirtus
886 1109 891 1116 -

55 1153 193 1206 intellectus
203 1151 273 1204 creati
285 1164 332 1203 nou
348 1149 456 1202 scilciet.

91 1225 128 1274 ld
140 1222 234 1275 tertiam
244 1222 372 1282 muudum,
382 1220 444 1285 quod
457 1219 581 1285 publicatio
590 1222 733 1283 pcccatorum
746 1220 776 1271 al·
786 1219 851 1285 ipro

57 1295 157 1346 niumm
167 1292 297 1358 peccantis,
306 1295 342 1342 cst
350 1290 445 1344 effectus
457 1290 600 1354 negligentiae
610 1304 661 1354 qua
669 1289 819 1342 committitur
826 1292 857 1342 iu

58 1364 188 1416 ominionc
208 1362 370 1424 contessiouis3
391 1362 429 1414 sed
449 1361 510 1426 quod
530 1365 625 1424 peccata
641 1364 770 1412 sauctorum
787 1373 851 1412 roue-

60 1435 152 1498 leutur‚
169 1448 214 1488 non
230 1434 315 1499 possut
334 1434 368 1486 eis
387 1445 439 1485 esse
458 1433 483 1484 in
494 1431 672 1484 erubescentium
686 1431 722 1482 vol
741 1441 850 1482 vencnu-

62 1505 142 1566 olam
153 1505 214 1556 sicut
227 1513 270 1556 nec
288 1502 363 1555 llario
375 1503 510 1566 magdalene
523 1504 560 1553 est
570 1501 600 1552 in
617 1499 773 1552 contusionem
790 1500 851 1566 quod

62 1580 159 1641 peccata
169 1574 243 1640 ipsius
254 1572 343 1639 publice
356 1574 379 1625 in
393 1573 493 1626 Ecclesia
504 1572 634 1630 reclinatum
649 1571 702 1635 quia
715 1587 730 1620 u
743 1583 851 1622 uerecun-

64 1649 104 1700 ullc
119 1650 156 1702 est
166 1647 233 1698 timor
249 1644 439 1708 insinuationis»
456 1645 483 1695 ut
497 1643 648 1694 muccosum
670 1639 850 1706 dicitlicit,

65 1731 117 1782 cap.
134 1720 181 1778 15,
195 1715 234 1767 vel
248 1713 378 1778 expressius
396 1713 547 1777 Philosophus
559 1712 589 1763 ll.
603 1712 685 1762 litote.
706 1723 758 1775 cup.
770 1712 812 1762 nli.
825 1711 855 1776 l,¹

66 1786 207 1851 quiquidem
218 1784 285 1836 timos
296 1785 320 1834 in
333 1783 464 1835 beutiscsee
474 1794 520 1834 nou
530 1782 621 1847 poterit.
636 1782 680 1833 Sed
689 1782 742 1833 talis
749 1781 849 1846 publica·

66 1859 101 1910 tio
118 1856 159 1908 crit
171 1855 205 1907 eis
216 1855 245 1906 aul
258 1865 362 1917 maguam
381 1854 490 1918 gloriam,
504 1855 598 1919 propter
612 1852 766 1918 poeuitentiam
783 1865 850 1917 qaam

66 1931 179 1990 lucernum
190 1926 248 1977 sicut
260 1928 286 1976 el
296 1923 410 1976 contessor
422 1925 532 1989 approbat
546 1936 600 1976 eum
616 1924 655 1988 qui
672 1935 753 1986 magna
766 1923 851 1974 scelera

67 1996 288 2050 loruorconltctur.
303 1995 413 2046 llicuntuu
431 1999 506 2048 auteuu
523 1997 616 2060 peccate
630 2007 683 2046 esse
696 1993 783 2057 decta,
798 1994 852 2058 quia

69 2072 129 2122 Deus
141 2081 184 2120 nou
200 2067 262 2119 uidet
276 2077 304 2117 ou
316 2065 345 2116 ad
357 2065 505 2130 puniendum.

102 2141 134 2190 lul
147 2141 248 2202 quartum
261 2135 398 2198 amntem,
411 2135 471 2199 quod
482 2149 511 2188 en
520 2137 564 2188 lroc
576 2137 636 2200 qaod
644 2137 747 2200 peccator
756 2133 850 2186 alionum

71 2214 161 2277 peccata
176 2207 293 2272 inspiciet,
302 2207 326 2257 in
344 2206 406 2257 nullo
420 2219 461 2258 sua
472 2207 573 2258 conlusio
587 2207 711 2268 minuetum
726 2205 766 2256 scd
779 2205 851 2269 magis

73 2278 192 2346 angelitus,
206 2277 230 2328 in
247 2277 321 2329 alieuo
331 2277 444 2340 vituperio
455 2289 521 2328 suum
537 2278 673 2341 vituperium
690 2275 762 2340 magis
772 2289 852 2339 agnos·

74 2365 134 2404 cens.
147 2349 209 2410 Quod
224 2347 286 2399 enim
303 2359 333 2398 ex
349 2348 391 2398 tali
403 2359 471 2398 caasa
484 2349 586 2398 conlusio
604 2347 725 2409 minuatur,
741 2345 853 2411 contingit

75 2437 101 2475 cu
114 2425 155 2473 lsoo
162 2419 222 2484 uuoo
227 2417 362 2470 uerecundia
367 2417 466 2482 ·respicit
477 2415 650 2469 asnmatiouem
658 2415 790 2478 nominum,
800 2429 853 2480 qua

104 2529 136 2594 (tl
149 2527 190 2576 libi
208 2526 315 2572 nimirum
326 2527 362 2575 lit.
380 2527 412 2583 D,
428 2538 469 2572 scu
490 2522 506 2585 §
522 2523 550 2582 l,
563 2525 597 2570 sic
609 2524 641 2569 ait
659 2521 708 2570 :Si
730 2525 851 2582 poenitor

77 2597 152 2642 utrium
164 2589 257 2652 peccalo
270 2599 323 2647 pon
334 2589 446 2648 fecerunt
460 2587 529 2632 electa·
539 2585 659 2644 prodeant
671 2591 729 2632 tunc
742 2588 772 2632 s‘n
787 2589 851 2632 noti·

78 2661 131 2706 tium
150 2652 271 2701 omnium,
284 2651 348 2696 sicot
366 2650 431 2695 malo
443 2648 640 2695 demutandorum
657 2647 767 2695 omatibus
779 2654 852 2696 crant

79 2724 144 2768 soto,
154 2727 201 2762 nou
218 2709 268 2770 leui
288 2713 332 2758 loe
351 2713 381 2758 ἐπ
398 2712 529 2770 Scriptura
545 2720 692 2768 cupressum.
718 2709 785 2756 Unde
801 2723 853 2757 noas

80 2775 274 2830 irrationabiliter
284 2775 372 2833 potori
382 2777 458 2832 polest
468 2776 565 2833 peccota
576 2773 616 2817 loc
629 2782 674 2830 por
686 2772 855 2831 penitentiam
