1976 3306
157 198 189 236 nn
203 193 388 236 nonuunquam
403 191 546 233 mmuuannn
561 165 733 234 numanounnn.
797 197 842 246 aas

49 275 188 334 dilexerunt.
202 271 261 336 lingo
279 283 326 322 nou
344 268 430 322 noiant
449 281 527 320 nouum
544 269 641 334 malum,
658 271 718 335 qaod
739 274 776 322 est
791 284 844 326 asso

50 348 180 397 damnatos.

84 423 109 468 a.
124 412 347 474 Pmaouoa,damnatl
358 404 692 476 noudesidenautauqmanlum
706 427 842 481 sumpoeua.

50 489 96 540 sod
110 487 132 538 si
148 487 225 551 plures
239 485 411 545 damnarentur,
427 483 497 546 major
515 486 576 534 esset
589 495 667 534 eorum
686 497 771 550 paona,
785 489 843 540 siout

51 561 122 624 otiam
137 555 291 621 multiplicatio
300 555 418 605 beatorum
432 551 553 616 amplificat
565 566 643 607 aarum
656 553 771 618 gaudium.
785 558 846 623 liuqo

52 628 153 682 damnali
166 639 212 679 nou
224 626 309 676 tollent
318 625 415 676 salsatos
428 625 538 674 damnari.

83 700 131 752 Sed
144 701 239 758 nonina,
258 697 317 761 quod
334 707 402 758 supas
417 693 469 744 illud
487 695 558 754 loni„
573 695 645 747 xlv:
663 713 678 746 u
697 697 846 752 Surrexouuut

53 774 81 824 do
92 771 170 833 soliis,
184 785 198 818 u
210 766 265 818 dicit
276 767 373 818 Glossa:
390 781 404 814 u
416 765 523 818 solatium
536 771 570 818 est
582 767 704 834 malorum,
713 769 795 822 mullos
806 783 846 824 so·

51 845 101 896 sios
113 843 199 894 haltere
208 851 333 903 pmnarum.
344 854 358 886 u

82 918 207 974 Pnaeunea,
220 912 245 962 in
261 909 370 961 damnatis
383 907 481 960 maximi
493 912 574 973 regnat
587 909 682 962 inuidia.
694 910 756 978 lingo
768 912 846 967 dolent

54 989 82 1038 de
92 984 202 1038 leiioilats
214 981 338 1042 bealorum,
352 983 376 1030 et
388 991 466 1031 eorum
478 979 645 1032 damnationem
664 985 781 1047 appetunt.

85 1056 244 1119 (Concussuo.
263 1049 367 1100 -Siout
380 1048 442 1100 beati
461 1053 553 1115 proptor
569 1050 693 1114 postauam
711 1053 847 1107 charitalem

54 1128 153 1192 gaudent
163 1125 192 1175 ds
204 1122 264 1174 bono
279 1119 395 1182 omnium
403 1119 436 1169 ita
447 1119 547 1170 damuati
558 1125 653 1186 proptor
665 1128 846 1176 consummatum

55 1197 132 1250 odium
143 1192 242 1259 gaudent
253 1192 282 1242 do
295 1189 367 1250 malis,
380 1193 403 1241 ot
416 1189 492 1241 dolant
502 1189 532 1240 do
543 1189 617 1256 bouo;
630 1195 655 1243 at
666 1192 700 1244 sio
712 1193 799 1246 vallant
811 1208 847 1247 so·

55 1281 106 1318 oum
121 1277 202 1318 omnes
213 1263 285 1314 bonos
297 1273 347 1312 asse
358 1259 504 1324 damnatos.)

84 1334 222 1402 Respondao
237 1333 371 1392 dicandum,
386 1331 446 1396 qudd
463 1332 523 1384 siem
540 1331 566 1382 iu
579 1333 652 1384 baalis
671 1334 696 1384 in
712 1335 785 1398 patria
803 1336 848 1387 anit

55 1403 224 1472 patientissima
244 1403 359 1464 charitas,
373 1402 405 1452 iia
422 1401 447 1454 in
469 1400 580 1454 damnatis
595 1403 638 1454 anit
656 1403 847 1469 patientissimum

56 1479 144 1530 odium.
162 1474 242 1538 dudo,
255 1474 313 1525 sicud
326 1471 399 1524 sancii
412 1472 542 1536 gaudebunt
555 1473 584 1525 da
599 1474 703 1526 omnibus
717 1474 801 1541 bonis,
815 1475 848 1528 ita

55 1552 80 1603 ol
96 1546 165 1612 impii
174 1548 202 1598 do
217 1542 394 1597 omuinusbouis
407 1543 522 1594 dolebunt.
534 1544 598 1596 dudo
615 1549 638 1596 ot
650 1543 747 1596 inlicitas
756 1550 849 1598 sanam·

56 1632 106 1670 num
120 1619 150 1670 ab
169 1617 202 1670 eis
223 1615 379 1676 considerata,
399 1611 496 1664 maximo
516 1626 556 1665 eos
575 1614 667 1680 aliliqit3
685 1617 744 1668 undo
767 1617 849 1669 dioilun

58 1691 128 1748 iani..
146 1691 176 1738 26
187 1701 193 1736 :
206 1685 323 1736 «Videant
335 1688 359 1734 et
369 1681 642 1737 mninndantunzolantos
652 1686 742 1751 populi;
758 1686 850 1752 anagnis

57 1763 137 1813 inustos
153 1763 204 1811 inos
218 1759 320 1810 deuoret.
337 1771 352 1804 u
369 1754 434 1806 liudo
447 1755 524 1806 volout
540 1767 621 1807 omnes
633 1755 707 1810 bonos
719 1769 770 1810 osso
785 1759 850 1810 dam-

58 1836 134 1884 natos.
432 1868 434 1872 .
611 1848 612 1854 ¹
752 1845 753 1848 ¹

91 1905 125 1954 ld
137 1901 236 1967 primum
247 1910 301 1962 erqo
315 1895 448 1956 dicandum,
457 1893 518 1959 quod
529 1897 593 1947 tanta
603 1895 740 1950 eriliuvidia
752 1897 779 1950 in
787 1899 851 1952 dam-

60 1974 131 2036 natis,
143 1970 204 2036 qudd
214 1967 282 2020 otiam
293 1968 469 2034 propinquorum
483 1966 562 2030 qlonia
575 1966 724 2032 invidebunt,
738 1969 792 2020 oium
804 1970 852 2036 ipsi

59 2043 106 2094 sint
122 2044 147 2094 iu
171 2051 259 2092 summa
272 2038 377 2102 misania3
391 2036 526 2089 cimoliam
539 2037 621 2088 iminao
642 2037 690 2090 nlla
703 2039 747 2090 lnoo
764 2039 851 2091 aooidat

59 2115 173 2166 orosoeulo
197 2109 293 2162 invidia.
314 2109 358 2162 Sed
376 2112 454 2159 tamam
470 2106 546 2158 minius
566 2104 701 2167 innidabdnl
718 2109 853 2174 propinquis
869 2111 907 2206 ou(

60 2183 127 2248 quam
140 2181 205 2244 aliis3
217 2185 240 2232 ol
256 2179 327 2244 maior
343 2183 403 2232 assat
418 2189 496 2231 aarum
508 2191 590 2243 poena,
605 2177 625 2228 si
638 2189 717 2230 omues
727 2178 851 2244 propinqui

59 2253 234 2313 damnarentur,
245 2253 268 2302 et
282 2250 320 2300 alii
333 2249 486 2310 salvarentur,
500 2249 567 2312 quam
586 2248 607 2299 si
619 2247 688 2312 aliqui
702 2249 731 2302 de
741 2250 790 2301 suls
799 2261 852 2313 pro·

59 2323 152 2387 pinquis
167 2321 315 2374 salvarentur.
333 2319 362 2370 El
375 2317 456 2369 exindo
476 2317 522 2368 luit
539 2317 600 2383 quid
615 2319 680 2372 diuos
693 2319 759 2386 potiit
770 2321 852 2373 inatres
939 2383 941 2388 ,

60 2405 115 2445 nuos
125 2393 140 2444 d
150 2390 293 2443 damnatione
306 2388 382 2454 eripi3
392 2387 477 2440 solebat
489 2389 550 2440 euim
562 2387 623 2452 quod
643 2390 713 2456 aliqui
731 2390 849 2455 adparan-

59 2467 105 2512 tun.
125 2461 241 2515 llaluissat
259 2464 336 2511 tamm
355 2458 436 2510 lmtnos
456 2469 510 2510 suos
530 2471 582 2510 oum
602 2459 652 2510 aliis
670 2461 777 2513 omuibus
788 2461 851 2513 dam·

61 2533 118 2583 nani.

91 2604 126 2656 ld
144 2601 269 2656 secundum
285 2600 422 2666 dicendum,
435 2599 496 2668 qudd
514 2600 603 2656 ddootio
617 2615 670 2668 qun
682 2614 729 2656 uon
744 2603 851 2658 fundatm

61 2687 130 2739 super
142 2675 275 2736 honestum,
289 2672 354 2724 iacild
370 2671 515 2736 rescinditur,
530 2676 555 2726 at
564 2672 679 2739 pracipuo
690 2674 716 2725 iu
736 2674 800 2728 malis
809 2677 851 2727 hn-

61 2744 177 2809 minibus,
189 2748 214 2795 ut
227 2743 378 2809 Philosophus
390 2744 446 2797 dioit
455 2743 481 2794 in
495 2745 535 2796 ill.
547 2745 644 2803 Ellis..
658 2757 709 2810 oap.
720 2747 751 2809 l,
765 2745 814 2796 sivo
824 2749 850 2808 ii,

62 2817 88 2863 ot
97 2825 149 2878 unp.
164 2817 209 2878 lt,
222 2813 272 2867 sinn
290 2817 330 2864 li.
344 2813 411 2866 liudo
423 2814 522 2866 damuati
535 2825 580 2866 non
592 2815 716 2868 servabunt
728 2814 853 2868 amicitiam

63 2883 90 2934 ad
104 2895 144 2936 oos
155 2897 212 2954 qnos
224 2883 351 2937 inordinati
365 2884 502 2950 dilexeruntq
515 2886 553 2938 sod
564 2886 588 2938 iu
600 2887 646 2938 luoo
657 2885 764 2940 voluntas
774 2898 852 2938 nomm
