1936 3306
132 143 179 190 82ss
262 145 477 198 tumulandam,
493 141 588 188 QUAEST.
604 141 686 193 mli,
702 140 759 182 dar.
775 143 794 181 1.

136 226 284 294 parruulorum
302 238 348 276 non
366 221 535 286 distinguebant
549 221 577 272 alr
591 219 689 283 adultis,
701 219 746 270 nisi
765 219 881 283 quatenus
901 219 941 271 isti

136 315 180 366 pro
193 300 260 351 honis
272 296 381 362 operitur
388 293 504 345 actualiter
513 305 527 342 a
536 305 561 344 ee
571 288 640 342 tactis
654 291 745 354 aliquod
755 291 871 355 singulare
881 305 940 357 prae-
960 269 961 364 l

137 373 210 422 mium
231 370 389 435 reportarent,
405 367 465 430 qnod
487 365 529 416 sub
546 362 638 415 nomine
661 361 851 426 regnicolarum
869 364 941 427 aquo
960 365 961 398 ἐ

136 443 240 494 Christus
254 453 302 492 non
314 437 441 503 baptizatos
449 435 595 496 excludebat,
605 433 759 497 significatum
770 434 940 498 intelligebant

136 514 245 578 gaudium
263 514 338 562 autem
352 508 455 560 naturale
476 508 586 558 duntaxat
600 505 639 556 hic
651 505 759 571 ponitur,
775 507 837 570 quod
850 519 941 572 poenem

137 585 217 636 damni
229 583 268 635 ucl
287 581 413 634 carentiam
426 579 522 632 visionis
535 577 645 630 beatificae
662 591 708 630 non
721 577 831 630 excludit.

360 885 696 996 consumunmt.

140 1069 174 1117 De
193 1068 310 1126 qualitate
328 1067 472 1112 animarum
490 1077 543 1123 pam
560 1066 590 1111 ta
600 1065 751 1123 peccatorio
767 1069 875 1126 propter
889 1080 943 1126 pec·

170 1144 251 1187 cottana
268 1139 364 1186 actuata
376 1138 414 1185 oel
427 1138 480 1196 edas
494 1149 591 1200 paenam
610 1137 763 1196 expiaretur,
777 1138 807 1184 a'ra
820 1147 867 1184 acor
880 1140 942 1186 orti-

173 1213 240 1258 aaaloa
253 1211 345 1258 dicito.

168 1360 254 1412 Deinde
263 1357 454 1411 considerandum
463 1355 537 1409 eatde
549 1355 668 1408 animabus
679 1362 790 1423 praeposi
798 1359 861 1412 hanc
873 1361 941 1422 ritem

136 1437 230 1498 propter
241 1431 366 1484 actualium
378 1431 523 1493 peccatorum
534 1441 625 1494 poenam
639 1429 691 1493 igne
702 1431 836 1494 purgatorio
846 1433 940 1497 expian-

139 1508 233 1626 turCirca
246 1573 306 1637 qrrod
321 1574 452 1636 queruntur
461 1583 501 1622 sex
515 1587 521 1621 ι
533 1573 559 1620 t⁰
568 1570 650 1622 lltrdnr
663 1585 732 1640 pmna
743 1575 870 1636 purgatorii
881 1588 943 1627 erce

138 1645 177 1696 dat
194 1657 285 1696 omrem
295 1656 387 1708 paenam
400 1643 471 1706 hujus
484 1641 547 1694 ritae.
559 1647 585 1693 2⁰
595 1641 675 1694 Utrlrm
685 1656 758 1714 paena⁴
766 1643 806 1694 illa
820 1645 851 1694 sit
864 1647 942 1696 volun·

139 1717 206 1767 tarta.
221 1715 337 1766 d⁰lltrdm
350 1715 433 1766 anunm
444 1715 469 1765 in
483 1713 613 1778 purgatorio
627 1727 668 1779 per
678 1716 793 1766 daemones
807 1717 939 1779 puniantur.

140 1792 168 1837 4⁰
182 1786 262 1838 lltrdm
279 1799 320 1850 per
343 1783 434 1851 pmnam
455 1785 580 1850 purgatorii
600 1785 705 1850 expietur
722 1789 840 1850 paccatum
859 1788 943 1838 veniale

140 1858 214 1922 qrroad
236 1857 335 1978 amplam.
358 1861 384 1907 5⁰
400 1856 480 1908 Utrdm
505 1857 565 1921 ignis
587 1857 729 1922 purgatorius
751 1859 833 1909 liberet
851 1859 865 1910 d
883 1864 961 1916 reatu

139 1943 223 1993 poenae.
236 1933 262 1978 6⁰
296 1928 356 1980 trdm
377 1929 406 1979 ah
419 1927 539 1992 illapoena
557 1927 674 1980 unusalio
691 1928 761 1981 citida
774 1929 893 1982 liberetur.
960 1947 961 1978 t

448 2105 608 2160 radicantis
623 2107 642 2157 1.

142 2240 228 2286 vtraara
241 2251 313 2296 paena
326 2237 676 2345 porpatmttheecedntfmoem
688 2247 782 2294 poenam
792 2238 941 2295 immolem

482 2311 538 2355 apae
555 2312 579 2344 aa
592 2313 618 2346 aa.

172 2434 207 2485 dd
220 2431 320 2498 primunr
342 2431 376 2482 sic
394 2428 531 2495 proceditur.
547 2427 640 2481 Videtur
658 2429 719 2495 qudd
733 2442 801 2494 pmna
821 2429 940 2494 purgatorii

138 2517 187 2556 non
200 2504 291 2555 excedit
304 2515 396 2554 omnem
412 2513 505 2566 paenam
517 2501 667 2564 temporalem
688 2501 760 2568 hujus
772 2501 836 2554 uitae.
858 2502 940 2563 Quanto

137 2574 198 2625 enim
218 2574 303 2638 aliquid
323 2577 358 2624 est
373 2572 446 2638 magis
466 2571 675 2636 Passivum,tantd
695 2573 767 2636 magis
785 2573 910 2637 adfligitur,
924 2571 940 2622 si
960 2579 961 2634 t

142 2657 237 2695 sensum
252 2645 352 2696 laesionis
362 2644 452 2696 haheat
464 2643 510 2694 Sed
519 2655 602 2705 corpus
616 2647 651 2694 est
660 2644 734 2707 magis
746 2646 867 2708 passivum
880 2645 938 2709 quam
960 2635 961 2690 l

141 2715 219 2764 anima
235 2719 352 2779 separata,
363 2720 411 2765 tum
425 2713 479 2778 quia
490 2714 559 2763 tradet
566 2716 740 2766 contrarietates
750 2717 778 2766 ad
788 2716 867 2780 ignem
877 2729 940 2780 agen·
960 2707 961 2724 ³

138 2789 185 2836 tem
201 2789 268 2847 ,tum
280 2785 334 2849 quia
347 2787 417 2837 habat
434 2785 618 2849 materiamque
636 2791 672 2836 est
684 2788 815 2850 susceptiva
830 2787 938 2851 qualitatis
960 2795 961 2802 ¹

141 2857 317 2922 agentisnuod
332 2857 359 2910 de
375 2859 452 2910 anima
461 2870 506 2910 non
521 2861 597 2922 potest
607 2857 661 2910 dici.
676 2857 734 2922 Ergo
746 2857 820 2922 major
829 2863 865 2910 est
874 2871 935 2924 poena
960 2859 961 2926 j
