1970 3326
153 193 184 242 ot
293 201 496 250 snrrnnrrnrmnn,
513 201 608 247 onnsr.
624 201 694 252 surr,
710 202 764 242 mr.
782 204 809 242 ιι.

152 281 205 332 iam
220 279 303 332 virtus.
321 281 379 343 Ergo
394 291 441 330 non
452 277 553 343 oportuit
567 278 613 330 ulia
632 280 677 331 duo
689 279 771 332 addere
784 281 813 332 ιι
827 282 969 336 honestan-

155 353 208 404 dum
223 351 402 404 matrimonium.

188 429 212 474 6.
226 424 339 475 Praeterea
346 457 355 486 ‚
368 435 414 474 non
428 435 457 472 ex
467 421 548 473 eodem
561 421 647 486 aliquid
660 424 744 489 ancipit
755 424 868 476 rationem
880 429 969 480 utilis

155 502 180 550 et
196 496 307 551 honesti,
321 493 373 544 eum
391 493 447 545 utile
461 497 485 544 et
497 495 620 544 honestum
641 508 671 546 ex
692 497 798 562 opposito
812 497 900 549 bonum
926 503 969 551 di-

154 567 240 619 uiant.
258 567 304 618 Sed
323 579 352 618 ex
368 565 432 630 prole
452 564 622 616 matrimonium
643 565 725 630 rmipit
746 568 857 620 rationem
881 571 969 625 utilis

141 637 217 704 'Ergo
234 638 311 702 proles
333 649 380 688 non
398 636 465 692 delet
481 635 608 702 computari
625 636 685 689 inter
698 638 758 695 bona
775 639 857 704 quihus
873 644 969 694 matri-

159 709 261 762 monium
274 710 416 762 honestetur.

188 786 211 834 ι.
227 781 424 844 pisteramoni
438 781 506 832 debet
516 782 572 846 poni
582 786 608 833 ut
621 782 747 847 proprietas
761 783 798 834 uel
810 781 913 835 conditio
928 791 969 839 sul

156 851 239 918 ipsius.
255 853 299 904 Sed
315 855 366 904 hers
382 854 442 904 bona
462 858 577 917 ponuntur
590 857 616 905 ut
628 855 731 919 quedam
750 854 894 908 eouiitlones
913 871 969 910 nra·

156 923 266 975 trimonii.
283 924 355 988 Ergo,
364 923 417 974 oium
425 925 592 975 matrimonium
602 925 632 975 sit
641 929 817 987 sacramentum,
831 937 878 976 non
892 927 969 984 debe:

157 995 212 1062 poni
225 1000 412 1047 sacromentum
425 997 486 1050 inter
498 997 558 1048 lona
576 998 728 1051 matrimonii.

190 1069 353 1133 (Gououusuo.
369 1095 402 1106 —
415 1069 507 1130 Proles,
527 1069 583 1120 illes
603 1082 631 1119 ao
652 1073 816 1121 sacramentum
839 1071 916 1134 prima
945 1083 969 1127 er

158 1140 247 1205 potiora
261 1141 386 1194 suntiono
399 1139 481 1205 quilrur
494 1140 635 1195 matrimonii
649 1141 705 1194 ratio
718 1143 814 1194 honesto
827 1142 949 1197 redditur.
963 1153 969 1212 p

190 1213 325 1277 Respondeo
342 1211 478 1273 dicendum,
498 1211 558 1276 quill
578 1212 747 1264 matrimonium
765 1213 838 1264 estin
857 1213 969 1270 oifiuiurn

158 1287 260 1345 rurum,
274 1288 298 1336 ιι
311 1287 347 1336 ιιι
361 1287 530 1335 ornamentum
539 1283 658 1336 Ecclesia.
675 1285 823 1348 inquantum
837 1289 917 1336 autem
931 1297 969 1342 est

159 1356 184 1409 in
205 1357 304 1408 officium
318 1359 415 1418 nature,
431 1356 518 1408 duobus
539 1356 668 1418 ordinatur,
680 1354 739 1406 sieut
752 1359 777 1406 et
789 1355 887 1420 quilibet
902 1359 969 1413 alins

159 1427 250 1480 uirtutis
259 1432 338 1489 nolus,
348 1440 445 1492 quorum
458 1440 528 1476 unum
542 1426 640 1489 exigitur
653 1439 683 1477 en
693 1427 758 1488 purte
770 1426 842 1491 ipsius
858 1432 969 1495 agentis3

160 1501 237 1554 elhoo
258 1504 294 1550 ert
306 1498 403 1550 intenlio
417 1497 468 1550 linis
485 1498 569 1562 delrili;
585 1502 608 1550 et
620 1498 654 1548 sio
668 1498 763 1562 ponitur
778 1499 862 1550 tronum
880 1507 969 1555 matri-

161 1571 232 1622 monii
249 1570 333 1634 proles.
349 1571 415 1622 alluo
434 1570 533 1635 erigitur
555 1573 665 1635 exparte
685 1570 758 1635 ipsius
779 1569 914 1635 aolis‚qui
931 1583 969 1628 est

161 1645 235 1698 bonus
247 1644 272 1696 in
285 1656 381 1708 genere,
395 1657 424 1694 ex
436 1645 480 1695 hoe
494 1642 555 1709 quill
567 1643 628 1694 radit
643 1655 710 1708 supra
719 1641 818 1694 debitam
831 1644 968 1713 materiam

162 1721 187 1768 et
203 1716 236 1767 sio
248 1715 363 1776 estimes,
376 1728 417 1779 per
435 1727 502 1778 quarn
518 1716 585 1766 immo
599 1714 703 1765 misnam
720 1713 823 1777 aceedit,
837 1718 861 1765 et
876 1728 926 1766 non
940 1723 968 1774 ιι

63 1805 72 1820 ·
162 1787 240 1838 aliam.
256 1787 300 1838 Sed
315 1786 411 1838 ulterius
428 1787 497 1838 habet
512 1786 611 1851 aliquam
628 1785 789 1837 bonitatemin
807 1790 919 1849 quantum
932 1805 965 1843 es

162 1862 340 1921 sacramentum
361 1861 384 1908 et
394 1859 437 1909 lroo
450 1857 589 1921 significatur
603 1858 655 1921 ipso
674 1857 765 1908 nomine
779 1864 953 1915 sacramenti.

195 1931 228 1981 ιι
242 1929 340 1994 primum
358 1941 412 1992 erpo
430 1928 567 1991 dicendum,
579 1928 640 1992 quod
657 1927 682 1978 in
697 1929 762 1992 prole
778 1929 911 1981 uonsolirm
929 1935 966 1986 in.

165 2002 272 2065 telligitur
280 2001 406 2066 procreatio
414 1998 498 2064 prolis,
509 1999 625 2050 sedetiam
637 2000 740 2050 educatio
751 2000 833 2065 ipsius,
844 2003 873 2052 ad
883 2017 961 2066 quam

165 2075 223 2124 sieut
233 2074 262 2124 ad
270 2072 349 2134 linem,
363 2071 480 2123 ordinatur
492 2074 540 2122 tola
553 2070 730 2122 eommunieutio
742 2085 851 2136 operum,
862 2087 915 2138 quae
931 2092 963 2130 es

164 2147 224 2198 inter
235 2145 309 2196 uirum
320 2148 344 2196 el
357 2156 450 2196 uxorem
465 2142 608 2205 inquantum
619 2147 672 2194 sunl
679 2143 824 2196 matrimonio
833 2146 960 2208 conjuncti

164 2218 219 2282 quir
229 2220 327 2282 «patres
340 2213 632 2266 naturaliterthesauriaant
642 2215 704 2278 liliis;
715 2219 764 2264 rut
776 2218 838 2278 patet
846 2215 875 2265 ll.
889 2217 963 2282 Gor.

164 2291 214 2342 llll.
227 2288 298 2341 litsio
310 2288 336 2338 in
348 2287 425 2352 pmle‚
440 2285 507 2350 quasi
521 2285 545 2336 in
557 2285 675 2351 principali
689 2287 743 2350 line,
758 2286 830 2348 alins,
845 2289 914 2352 quasi
929 2305 963 2346 se<

164 2360 302 2423 suniarius,
316 2357 447 2410 includitur.

195 2433 229 2483 ιι
253 2430 377 2484 secundum
398 2429 533 2493 dicendum,
555 2429 618 2496 quiri
633 2429 697 2495 fides
720 2441 765 2480 nou
789 2428 900 2494 scopitur
926 2435 962 2486 ιιι

164 2507 232 2570 prout
249 2506 283 2554 est
299 2502 372 2554 uirtus
385 2501 529 2567 theolegium
546 2501 585 2554 sed
598 2505 666 2566 prout
679 2503 714 2553 ιιι
729 2500 909 2568 persimilis,
929 2519 961 2560 se

163 2575 262 2627 cuntium
279 2572 338 2639 quid
351 2573 415 2638 fides
433 2573 516 2624 (licitur
532 2587 562 2624 ex
580 2575 624 2624 lroo
639 2572 699 2638 quod
716 2571 773 2622 liant
788 2571 849 2622 dieta
866 2573 891 2622 in
908 2591 959 2632 eon

163 2648 292 2699 servatione
302 2646 476 2711 promissorum
488 2647 542 2712 quia
552 2647 578 2697 in
587 2644 747 2708 matrimonio,
762 2642 813 2694 eum
828 2644 858 2695 sit
870 2646 960 2709 quiden

164 2721 310 2780 mauretus,
325 2723 363 2772 ιιι
382 2719 486 2785 quedam
499 2717 638 2784 promissio,
651 2730 692 2783 per
715 2728 783 2781 quem
795 2714 848 2767 talis
867 2717 904 2768 rir
924 2723 960 2774 tal

164 2789 257 2842 mulieri
267 2790 435 2842 determinatur.

197 2863 232 2914 ιι
244 2861 336 2915 tertium
349 2861 490 2924 dicendum,
505 2861 584 2928 quid,
598 2862 658 2912 sieut
676 2861 702 2912 ln
712 2859 865 2926 promissione
884 2863 958 2914 matri

166 2935 238 2989 monii
254 2934 381 2989 eontimlur
395 2938 422 2988 ul
439 2938 520 2988 neuter
541 2932 684 2988 atalenum
702 2937 778 2987 torum
801 2933 909 2998 nomint,
932 2937 958 2988 it
