1924 3322
313 190 343 228 ns
359 189 563 228 nnsnnnnerrons.
794 176 840 224 tlt

35 268 139 333 pendeat
153 265 245 330 passivo
259 265 371 330 principio
388 267 488 316 activum
503 263 639 329 principium
656 263 680 313 in
698 265 781 314 natura
792 275 842 314 res-

36 344 105 404 pcctu
121 337 211 390 ultimn
223 337 378 404 perfectiouis,
390 337 475 388 scilicet
486 337 575 397 terme,
587 335 635 386 siue
649 339 755 399 respectu
765 335 841 400 dispo·

36 411 146 474 sitionis,
166 414 268 474 quaeest
288 410 411 460 necessitas
431 409 459 458 sd
477 408 573 459 lormam
591 407 708 470 ultimaru3
732 406 794 458 sicul
807 411 843 458 est

34 483 57 533 in
74 482 228 547 generatione
241 481 341 532 hominis
355 480 479 532 secundum
488 481 624 544 positionem
639 479 705 542 fidei,
722 479 842 530 ueletiam

35 557 63 606 de
84 556 198 606 omrribus
221 554 288 615 aliis,
312 552 436 604 secundnm
456 553 586 617 opinionem
611 552 713 604 Platonis
735 555 758 601 et
784 550 843 600 dvl-

35 641 127 680 cennae.
152 629 243 678 Nullum
258 630 332 678 autem
348 624 485 690 principium
502 626 602 675 activum
618 623 789 674 resurrectionis
807 627 843 674 est

34 699 59 748 in
73 704 177 761 natura,
192 712 266 763 neque
287 702 391 762 respectu
412 696 580 761 conjunctionis
599 696 680 746 anime
698 696 726 744 ad
742 709 842 759 corpus,

35 785 112 834 neque
125 777 234 836 respectu
249 769 405 834 dispositionis
418 782 469 832 que
484 771 519 818 est
533 769 657 820 necessitas
670 767 699 818 ad
708 767 777 818 talem
788 779 842 818 con·

33 841 202 904 junctionem
217 841 270 906 quia
283 841 335 891 talis
351 840 467 904 dispositio
481 853 527 890 non
546 841 645 902 potestl
658 841 739 888 natura
750 838 840 902 induci,

36 915 79 964 nisi
102 915 261 966 determinato
276 915 359 975 modo,
379 927 420 977 per
435 912 495 962 uiarn
520 912 672 974 generationis
694 925 724 962 ex
744 912 839 962 semine.

37 986 117 1051 Unde,
128 987 176 1037 etsi
188 991 285 1050 ponetur
302 997 353 1035 esse
367 984 441 1048 aliqua
458 983 560 1048 potentia
570 983 662 1046 passiva
676 995 704 1032 ex
715 985 779 1046 parte
790 995 841 1032 cor·

36 1057 115 1119 poris,
133 1071 176 1108 seu
190 1058 257 1107 etiam
270 1056 387 1106 inclinatio
402 1067 550 1119 quaecumque
564 1055 591 1103 ad
605 1054 686 1104 animae
700 1053 841 1116 conjunctio-

37 1141 103 1190 nem,
122 1142 172 1180 non
182 1133 219 1179 est
234 1129 287 1178 talis
296 1127 463 1192 quodsuluciat
472 1129 499 1177 ad
513 1127 624 1176 rationem
637 1125 713 1176 motuis
722 1125 839 1176 naturalis.

37 1199 101 1250 Unde
121 1201 276 1260 resurrectio,
294 1198 428 1263 simpliciter
447 1199 576 1262 loquendo,
589 1200 624 1247 est
636 1196 782 1257 miraculosa,
795 1209 841 1246 non

36 1272 162 1332 uncinatis,
180 1272 226 1322 nisi
237 1271 361 1322 secundina
371 1269 435 1334 quid,
447 1274 473 1319 ut
486 1283 514 1320 er
524 1269 589 1319 diotis
604 1271 674 1331 patet.

69 1344 103 1392 nd
116 1343 220 1407 primum
233 1355 286 1404 erpo
302 1342 438 1401 dicendum,
454 1340 514 1404 qudd
533 1341 686 1390 llamescenns
698 1338 798 1402 loquitur
815 1339 843 1390 de

37 1413 83 1464 illis
94 1427 151 1478 qum
162 1413 311 1464 inueniuntur
324 1413 347 1462 in
362 1411 467 1464 omnibus
480 1409 619 1472 indiuiduis,
630 1421 659 1460 en
675 1409 792 1476 principiis
803 1423 844 1460 na·

38 1487 95 1536 turm
109 1490 223 1549 causeta3
240 1497 284 1536 non
299 1486 359 1536 euim
373 1485 393 1535 si
406 1484 482 1535 diuina
498 1483 631 1547 operatione
645 1495 725 1532 omnes
738 1482 844 1532 homines

39 1555 217 1617 dealbarentur,
232 1558 269 1607 uel
283 1557 307 1608 in
322 1570 367 1608 uno
381 1557 430 1608 loco
447 1558 639 1618 congregarentur
652 1555 661 1618 l
672 1555 731 1605 sicut
744 1557 844 1617 ternpore

39 1626 121 1677 diluvii
137 1629 223 1678 iactuum
233 1628 293 1692 est),
307 1632 400 1692 propter
416 1629 460 1678 troc
473 1627 553 1677 albedo
566 1628 629 1676 esset
641 1625 768 1690 proprietas
778 1628 844 1674 natu-

40 1696 94 1747 ralis
108 1699 226 1759 hominis,
239 1701 276 1751 rel
290 1713 341 1750 esse
354 1701 378 1750 in
392 1700 432 1750 tali
445 1699 505 1750 loco.

72 1771 106 1820 dd
116 1772 244 1824 secundun
254 1771 383 1831 dicendum,
395 1771 455 1834 qudd
467 1783 496 1820 ex
505 1769 573 1822 rebus
582 1768 721 1819 naturalibus
734 1780 781 1819 non
793 1779 845 1831 cog·

42 1841 147 1892 noscitur
161 1841 247 1904 aliquid
259 1855 305 1894 non
319 1843 437 1905 naturale,
457 1842 544 1894 ratione
556 1843 739 1903 demonstrante,
755 1841 796 1890 sed
810 1853 846 1890 ra-

43 1909 104 1963 tione
115 1915 269 1978 persuadente
282 1919 357 1979 potest
368 1914 474 1977 cognosci
487 1913 570 1977 aliquid
580 1926 646 1975 supra
662 1917 780 1973 naturam,
793 1911 847 1975 qula

43 1995 122 2036 eornm
137 1999 189 2049 quer
203 2001 270 2050 supra
288 1992 392 2039 naturam
409 1989 478 2046 sunl,
493 1999 520 2036 ea
535 1999 587 2048 qum
603 1989 657 2036 suunt
668 1986 693 2034 in
711 1987 792 2034 natura
805 1981 846 2031 ali-

44 2067 112 2116 quam
124 2058 297 2109 similitudinem
311 2062 491 2124 representant:
506 2059 564 2108 sicut
574 2058 630 2108 unio
644 2057 726 2108 animae
736 2060 759 2106 et
768 2065 847 2114 corpo·

44 2125 76 2175 ris
85 2135 238 2192 representat
251 2131 334 2182 anime
347 2131 456 2182 unionem
470 2132 498 2180 ad
511 2128 582 2180 Deum
596 2141 638 2194 per
648 2128 741 2192 gloriam
757 2125 847 2175 fruitio-

45 2195 97 2261 nis,
113 2205 140 2250 nt
155 2201 262 2263 Magister
270 2202 333 2254 dicit.
349 2203 377 2252 Et
388 2202 458 2252 simili
468 2203 536 2252 modo
549 2201 653 2264 exempla
666 2193 716 2262 quae
727 2201 848 2264 Apostolus

47 2273 70 2347 et
90 2272 213 2390 iffregorius
233 2274 359 2336 inducunt,
375 2274 428 2324 ludei
446 2273 619 2325 resurrectionis
632 2270 765 2336 pessumire
777 2273 849 2323 admi·

45 2351 99 2390 rrrcu
109 2347 187 2394 antur.

51 2479 55 2488 ⁶
80 2413 115 2462 dd
133 2413 226 2465 tertium
244 2415 374 2478 dicendum,
385 2416 444 2478 qndd
454 2414 510 2467 ratio
519 2415 557 2466 illa
567 2415 669 2480 procedit
679 2415 707 2465 de
719 2415 850 2480 operatione

50 2479 88 2533 ulla
103 2500 154 2549 qum
172 2485 306 2536 terminatur
318 2489 345 2537 ad
358 2488 381 2538 id
393 2488 454 2552 quod
465 2499 511 2536 non
523 2490 559 2537 cst
572 2491 742 2549 pecualium,
758 2487 797 2536 sed
809 2501 851 2536 nn-

51 2555 107 2605 turae
122 2559 270 2608 contrarium.
281 2559 328 2608 Hoc
339 2565 415 2610 autem
425 2571 471 2610 uon
481 2562 516 2608 est
530 2559 554 2607 in
564 2557 746 2608 resurrectione:
763 2561 785 2608 et
799 2558 850 2608 iden

53 2631 142 2679 nonest
155 2628 184 2678 ad
193 2629 343 2692 propositum.

82 2701 113 2748 Ad
130 2705 237 2763 quartum
253 2700 465 2766 dicendum‚r1udd
482 2705 531 2753 iota
546 2699 648 2764 operatio
661 2703 747 2752 nature
763 2703 798 2752 cst
808 2702 851 2752 sub

52 2773 186 2830 operatione
194 2771 282 2834 divina,
295 2773 355 2824 sicut
365 2776 466 2838 operatio
478 2773 592 2824 interioris
604 2773 660 2822 artis
669 2774 711 2824 sub
720 2772 851 2836 operatione

54 2844 186 2902 superioris.
199 2843 277 2906 Unde,
293 2845 353 2895 sicut
366 2847 443 2898 omnis
451 2845 552 2911 operatio
565 2843 680 2896 interioris
696 2845 752 2895 artis
765 2857 852 2908 espec·

54 2913 85 2960 tut
100 2915 200 2980 aliquem
216 2914 285 2966 linem
306 2917 334 2968 ad
351 2931 419 2983 quem
439 2931 487 2970 non
502 2917 635 2984 peruenitur
655 2915 699 2969 nisi
716 2916 851 2982 operatione
