1954 3314
190 167 221 201 nn
238 164 442 202 rnrrssrnrurrrrn
458 165 601 214 conionum,
619 165 672 201 uro.
783 157 827 202 intr

59 248 84 292 o.
100 241 230 300 mererer,
244 239 370 290 secundior
384 239 555 305 perspectivas,
566 253 633 292 omne
646 240 708 304 qnod
728 241 828 304 ridetur,

25 315 70 366 sub
84 312 171 376 angulo
180 311 279 361 videtur.
288 310 333 361 Sed
342 312 441 363 huenen
455 309 703 379 competitoorporibue
716 311 827 376 gloriosis.

26 387 89 450 Ergo
105 395 155 434 non
168 381 286 432 humbert
300 395 394 434 sensum
408 383 470 433 usis
489 383 514 432 iu
527 387 588 433 actu.
603 382 708 434 Probatie
722 383 804 436 medie
821 399 828 434 r

26 455 220 522 quandocumque
241 453 325 517 aliquid
344 453 433 504 ridetur
448 455 491 506 sub
507 455 609 519 angulo,
624 458 713 520 oportet
733 453 831 518 aliquam
853 485 856 492 ι

25 541 81 580 esse
95 522 266 592 proportionem
277 525 354 588 auguli
368 527 396 576 ed
408 525 538 578 distantiam
549 527 584 578 rei
597 525 670 589 visa,
681 526 733 590 quia
747 526 831 590 quodi

25 596 149 650 remotiori
162 595 267 656 ridetur,
281 595 355 646 minis
370 597 467 657 ridetur,
476 601 500 647 et
513 597 555 647 sub
567 595 755 660 minoriauguie3
771 597 831 647 unde

25 671 112 736 posset
124 679 177 718 erse
191 666 225 718 ita
239 679 323 730 parvus
334 669 440 732 angulus,
451 667 511 732 quod
525 667 581 718 nihii
590 669 618 718 de
633 667 795 720 recideretur.
807 669 830 718 Si

26 753 84 805 ergo
98 738 178 791 ocutus
189 738 301 802 gloriosus
314 739 399 790 videbit
408 741 450 790 sni
468 741 565 802 angulo,
581 742 670 804 oportet
684 739 744 803 quod
754 739 832 790 videet

27 813 71 864 sub
86 809 238 862 determinata
249 810 375 871 distantia,
390 814 415 860 et
436 810 469 860 ita
491 811 552 874 qudd
567 823 614 861 non
628 811 704 862 rideat
717 811 830 874 aliquidd

27 880 150 934 remotiori
171 879 238 944 quim
259 881 326 932 modo
341 882 443 932 ridemus
456 897 463 933 t
478 884 538 946 qnod
557 882 648 933 ridetur
666 881 731 932 valde
750 883 830 932 abeur-

28 955 96 1005 durn.
106 954 135 1002 Et
148 950 181 1001 sie
193 950 282 1002 videtur
291 951 351 1018 quid
363 967 444 1004 sensus
457 953 522 1004 vinde
531 956 584 1004 actu
599 965 645 1004 nen
656 953 700 1004 erit
711 954 737 1002 in
749 966 830 1017 corpo-

27 1026 97 1076 ribus
110 1022 226 1086 gloriosis.

60 1095 108 1148 sed
122 1099 217 1157 centra,
236 1095 339 1159 potentia
355 1095 477 1160 conjuncte
494 1094 555 1146 actui
570 1099 605 1146 eet
618 1093 741 1159 perfectior
761 1096 828 1158 qnam

27 1182 77 1221 non
97 1167 230 1230 conjuncta.
243 1166 289 1216 Sed
300 1171 380 1218 natura
396 1167 496 1216 humana
510 1167 556 1217 erit
568 1165 593 1215 in
605 1165 680 1216 beans
693 1165 718 1214 in
731 1167 828 1217 murima

26 1237 183 1305 perfectione.
198 1237 258 1300 Ergo
271 1241 338 1288 eruut
350 1238 384 1288 ihi
396 1252 476 1290 annes
488 1251 570 1289 sensus
583 1238 608 1287 in
619 1249 661 1288 eno
672 1241 739 1286 ectu

60 1311 195 1365 Praeterea,
207 1307 305 1360 viciniis
319 1322 344 1360 oe
357 1310 444 1360 hahent
461 1309 490 1358 ad
510 1308 611 1358 animan
627 1306 737 1372 potentie
755 1306 828 1358 eenn-

27 1382 83 1432 tirae
98 1380 166 1444 qnam
176 1392 267 1443 cerpus.
278 1380 326 1430 Sed
336 1393 418 1444 corpus
430 1379 587 1445 premiabitur
595 1380 635 1430 uel
643 1378 751 1444 punietur
760 1391 829 1444 prop-

29 1459 64 1504 ter
78 1452 162 1503 merita
175 1451 211 1501 rei
229 1450 339 1501 demerita
352 1451 440 1502 anime.
456 1451 515 1514 drgo
530 1455 554 1501 et
571 1463 650 1503 onnes
668 1462 749 1500 senens
767 1463 829 1514 pre-
845 1500 848 1508 ,

27 1525 166 1575 miahuntur
178 1522 203 1572 in
218 1523 291 1573 boetis
306 1529 331 1572 et
348 1522 472 1587 punientur
485 1522 510 1572 in
523 1521 602 1584 malis,
617 1519 741 1572 seeundum
755 1521 830 1574 deleo·

26 1596 142 1647 tationem
157 1598 181 1646 et
194 1595 293 1645 dolorem
305 1594 344 1645 vel
357 1593 489 1655 tristitiam,
501 1607 551 1658 qnae
563 1593 588 1642 iu
601 1592 734 1656 operatione
748 1593 829 1644 reneis

28 1666 174 1719 consistunt.

60 1741 231 1806 (Conmosre.
244 1737 344 1789 -Cdm
364 1750 394 1788 er
407 1741 471 1801 parte
490 1737 559 1788 medii
575 1740 614 1786 ent
637 1733 738 1800 objecti,
753 1734 830 1786 nuilus

25 1811 106 1876 quoad
120 1809 273 1862 secretionem
292 1810 322 1860 sit
341 1808 431 1859 iuturus
445 1813 497 1874 posi
508 1807 697 1860 resurrectionem
711 1807 829 1864 deiectus,

27 1883 78 1934 nisi
90 1895 120 1932 ex
134 1883 199 1948 parte
209 1881 294 1946 objecti
308 1880 389 1946 gustus
399 1917 406 1939 ,
418 1893 499 1931 omnee
510 1894 592 1931 sensus
603 1879 627 1929 in
637 1881 689 1929 acto
700 1882 767 1930 erent
779 1883 831 1942 pest

27 1951 223 2005 resurrectionem
233 1989 239 2014 ,
250 1957 347 2016 excepto
358 1952 407 2004 soie
416 1953 493 2014 gustu,
503 1951 548 2002 nisi
560 1951 618 2002 iorte
632 1955 656 2001 ot
668 1951 688 2003 is
699 1963 741 2016 per
749 1963 829 2013 quam-

26 2027 81 2075 dam
102 2022 284 2084 immutationem
298 2023 381 2087 lingue
399 2022 427 2072 ab
444 2021 553 2086 adjuncto
570 2023 667 2086 quodam
685 2023 781 2071 humere
794 2020 828 2069 in·

26 2098 96 2145 turus
107 2093 140 2143 ihi
155 2097 209 2143 acto
222 2107 273 2144 esse
287 2093 402 2156 dicatur.)
538 2129 541 2132 .

59 2166 201 2229 Respondeo
223 2163 355 2226 dicendum,
370 2163 567 2227 duodennatum
587 2167 622 2213 est
637 2161 721 2225 duplex
738 2159 827 2225 opinio.

25 2237 130 2298 Quidam
141 2236 202 2287 enim
211 2236 290 2286 dicunt
304 2235 364 2298 quod
374 2236 400 2286 in
410 2236 543 2301 cerporibus
553 2235 659 2299 gloriosis
666 2238 735 2285 erunt
747 2243 827 2284 omnes

25 2307 145 2374 potentie
155 2321 273 2368 moenum
287 2319 334 2358 nen
347 2312 424 2358 temen
440 2311 508 2360 erunt
516 2306 540 2357 in
553 2311 606 2356 actu
621 2305 668 2356 nisi
681 2306 726 2355 duo
737 2316 826 2362 sensus,

25 2380 121 2431 scilicet
136 2381 209 2429 tactum
220 2382 243 2430 et
257 2379 334 2440 vieus3
349 2391 393 2429 nec
402 2381 447 2429 hoc
455 2379 499 2429 erit
511 2392 540 2428 ex
549 2378 640 2428 deiectu
652 2388 759 2427 cenenum
768 2411 778 2437 ‚
788 2376 830 2425 red
904 2425 912 2445 ,

25 2466 57 2502 ex
76 2451 170 2501 deiectu
189 2449 258 2501 medii
272 2455 296 2501 et
313 2451 417 2514 objecti3
434 2447 757 2508 accommodarentur,
776 2446 829 2510 quia

26 2527 99 2574 erunt
118 2523 148 2571 ad
161 2522 313 2586 integritatem
329 2523 433 2574 humanae
447 2525 531 2572 natura
544 2525 567 2572 ei
585 2521 614 2570 ad
628 2519 830 2570 commendendam

27 2593 171 2658 sapientiam
185 2593 306 2644 Creatmin
318 2593 363 2644 Sed
377 2595 421 2644 iree
434 2605 480 2650 non
496 2593 587 2644 uidetur
596 2603 684 2642 verum.
700 2589 758 2650 Quin
775 2589 832 2640 iliud

27 2666 93 2729 quod
103 2667 141 2714 est
154 2661 256 2713 medium
269 2664 294 2714 in
302 2664 353 2715 istis
366 2664 482 2725 censibus,
494 2668 530 2714 est
543 2663 613 2714 etiem
623 2662 647 2712 id
656 2661 706 2711 aliis
719 2660 831 2722 medium,

26 2737 119 2788 inrisu
132 2736 194 2786 enim
209 2739 245 2785 est
255 2735 355 2786 medium
366 2750 413 2798 aer,
428 2738 468 2800 qui
479 2735 550 2786 etiam
563 2739 599 2786 est
613 2733 710 2784 medium
721 2733 746 2784 in
756 2733 835 2784 auditu

26 2815 53 2860 et
67 2809 178 2865 odoratu,
188 2805 247 2856 sicut
260 2809 324 2871 patet
332 2807 356 2856 in
370 2809 389 2858 11
399 2815 433 2860 ite
442 2810 540 2858 noima.
554 2805 664 2857 Similiter
674 2806 746 2856 etiem
755 2808 835 2869 gustus

27 2881 101 2929 hahet
118 2875 221 2928 medinm
242 2878 387 2942 conjunctum
407 2879 467 2928 sieut
487 2883 510 2928 et
528 2883 618 2941 tacirrs;
635 2875 687 2927 ciem
705 2881 785 2939 gustus
805 2875 835 2924 eii

715 2971 758 3023 ii*
