1924 3322
263 185 295 224 nr
311 185 389 225 cnuss
405 187 616 227 nusunnscrnonrs.
793 183 842 230 tte

23 261 132 324 statuit,
147 264 223 313 motus
238 263 291 313 coli
306 267 342 314 est
354 276 423 315 censs
439 266 593 328 generationis
606 265 740 317 interiorum
759 281 840 334 corpo·

22 349 89 384 rum.
105 333 218 384 Similiter
233 333 317 396 etiem,
336 335 462 386 secundirm
474 337 578 387 ordinem
593 351 660 401 quem
675 338 698 387 in
712 339 783 390 rebus
796 343 840 391 inu·

23 407 108 457 nonnis
123 405 202 456 divino
213 407 355 469 providentio
368 408 476 471 prodiit,
485 410 619 460 resurrectio
630 411 716 461 Christi
725 415 761 462 est
770 425 840 464 causa
882 465 888 472 ,

23 483 117 529 nostrae
131 478 319 540 resurrectionis;
333 481 494 544 potuittsmen
506 481 575 530 ulium
587 481 691 533 ordinem
705 483 851 548 prefigere,-

22 553 48 600 et
64 554 128 599 tnnc
143 552 206 599 esset
221 549 264 599 utin
284 564 352 601 consu
370 561 454 602 nostru
471 553 660 618 resurrectionis,
673 555 764 618 qualem
780 556 840 608 Deus

21 621 176 672 ordinasset.

56 695 94 744 tto
111 694 206 743 tertium
223 693 421 758 dicendum,q=1dd
436 695 494 746 ratio
505 695 542 745 ille
561 699 671 761 procedit,
684 701 775 763 quando
789 714 839 752 om·

23 767 65 816 nia
84 780 140 830 quse
160 765 252 815 suntin
267 779 311 815 unu
326 766 401 830 specie
415 768 498 818 hubent
509 770 614 820 eumdem
627 771 728 823 ordinem
740 775 768 824 ud
784 787 838 824 carn·

24 851 76 887 sem
95 837 194 900 primum
206 836 267 886 iilius
277 837 388 900 eiiectds,
400 839 438 900 qui
452 843 488 888 est
501 840 641 891 inducendus
654 843 679 891 iu
691 848 761 894 totam
775 845 837 896 idam

24 907 144 972 spedem.
165 909 205 958 Sic
221 913 296 958 nutem
316 921 360 959 nun
381 913 418 960 est
437 910 461 960 in
478 913 615 976 proposito:
632 914 685 977 quis
707 917 838 970 hurmanitss

24 979 119 1031 Christi
130 979 281 1044 propinquior
291 985 326 1032 est
337 981 449 1031 diuinitati
458 1021 465 1043 ‚
474 983 540 1046 cujus
554 983 627 1034 uirtus
637 989 670 1035 est
685 987 758 1049 prims
769 1003 837 1041 ceusu

23 1051 222 1113 resurrectionis,
243 1052 311 1115 qudm
331 1055 463 1104 hnmanitas
485 1055 579 1106 alionum
595 1071 602 1105 r
617 1057 677 1107 unde
700 1063 836 1112 resurrectio

22 1125 118 1175 Christi
132 1124 265 1174 causatori
282 1124 402 1174 divinitate
419 1125 566 1189 immediate,
576 1128 615 1178 sed
628 1131 764 1181 resurrectio
780 1132 837 1184 aliut·

22 1211 77 1246 nnm
93 1197 213 1247 mediante
228 1195 321 1246 Christo
335 1197 428 1246 homine
441 1204 583 1261 resurgente.

58 1269 94 1318 td
105 1271 210 1332 ornanum
226 1267 362 1326 dicendum,
377 1268 436 1331 qudd
454 1269 589 1320 resurrectio
603 1271 705 1321 omnium
718 1273 837 1324 hominum

22 1338 126 1389 habebit
147 1337 231 1402 aliquid
254 1338 282 1389 de
301 1338 448 1390 similitudine
464 1341 636 1392 resurrectionis
656 1343 759 1407 Christi3
776 1347 837 1408 quod

23 1413 122 1462 scilicet
141 1413 240 1476 pertinet
262 1411 378 1460 advitam
401 1416 504 1476 nntnrnre,
523 1413 647 1464 secunddm
665 1429 734 1478 quum
757 1430 838 1468 omues

25 1485 128 1534 Christo
141 1483 233 1533 inerunt
247 1484 375 1534 conformes
385 1500 391 1546 ;
402 1487 424 1534 ei
436 1484 487 1534 ideo
501 1499 581 1536 omnes
597 1485 752 1550 resurgentis
768 1488 837 1539 vitam

24 1555 193 1606 immortalem.
209 1554 254 1604 Sed
276 1555 301 1604 in
321 1555 463 1618 sanctisunt
484 1555 576 1606 inerunt
599 1557 692 1609 Christo
709 1561 838 1621 conformes

22 1641 69 1690 per
87 1625 184 1688 gretiam
192 1662 201 1689 ,
210 1625 253 1676 erit
264 1625 410 1677 conformitas
423 1631 532 1690 quantum
543 1629 571 1678 ud
581 1641 609 1679 ea
620 1642 672 1694 que
683 1634 737 1681 sunt
749 1631 833 1695 plurim.

330 1807 489 1858 ndulduttts
503 1807 533 1860 li.

118 1931 204 1976 iltrr'em
213 1944 259 1977 uox
268 1933 328 1978 tudoe
337 1933 369 1977 sit
383 1945 456 1978 rouro
469 1917 755 1992 nostror'resurrcctt'om's.

61 2059 96 2109 nd
114 2057 238 2108 secundum
260 2057 293 2107 sic
308 2059 445 2123 proceditur.
465 2059 562 2112 Videtur
580 2062 639 2124 oudd
653 2075 698 2114 uox
714 2063 774 2113 tubae
789 2075 835 2114 non

27 2131 59 2180 sit
73 2143 142 2180 censa
154 2133 236 2180 nostroe
246 2131 430 2181 resurrectionis.
441 2133 499 2184 dicit
509 2135 569 2184 enim
579 2135 734 2185 damascenus
748 2133 795 2198 (lib.
805 2135 835 2183 tv

30 2205 67 2250 De
81 2201 136 2263 fide
148 2199 261 2264 orthod.)
271 2217 279 2251 .·
291 2203 382 2252 «Crede
392 2204 580 2255 resurrectionem
591 2206 691 2255 futuram
702 2204 833 2255 dinindro-

27 2275 128 2335 luntate,
140 2271 224 2322 virtute
235 2275 258 2323 et
272 2269 337 2322 nuiuss
347 2290 360 2320 u
377 2273 435 2337 Ergo
446 2274 498 2324 cdm
513 2277 563 2326 nuc
579 2275 625 2326 sint
639 2276 755 2328 sufficiens
767 2289 836 2328 causa

26 2343 204 2462 resurrecgionis
226 2348 324 2407 nostroe,
341 2358 386 2396 non
409 2350 498 2410 oportet
510 2359 596 2412 ponere
616 2359 708 2397 causum
724 2353 774 2408 eius
789 2363 836 2398 oo-

28 2431 82 2464 cem
99 2420 128 2463 tu
145 2429 174 2464 te.

60 2490 86 2534 2.
103 2486 234 2546 Praeterea‚
250 2486 334 2536 trouu
351 2499 396 2538 vox
409 2487 520 2538 emittitur
533 2489 561 2538 sd
581 2501 631 2540 eum
645 2487 684 2552 qui
698 2489 776 2540 audire
790 2503 837 2543 non

28 2561 118 2622 potest.
134 2555 178 2607 Sed
193 2557 276 2607 mortui
287 2569 333 2608 non
343 2559 460 2609 habebunt
473 2559 653 2624 eruditumidrgo
667 2573 713 2610 non
728 2565 764 2612 est
782 2575 838 2613 ron-

28 2628 127 2680 veniens
143 2627 204 2691 qudd
217 2641 261 2678 vor
274 2627 351 2692 eliqua
365 2629 475 2680 formetur
491 2633 519 2682 ed
537 2644 576 2682 eos
589 2631 777 2684 resuscitandum.

61 2703 85 2749 3.
101 2701 231 2759 Praetereu,
247 2701 267 2749 si
286 2713 330 2750 vox
352 2700 429 2764 utique
453 2703 482 2751 sit
498 2715 567 2752 cansa
588 2703 776 2768 resurrectionis,
792 2705 837 2758 hoc

28 2783 75 2821 non
85 2771 131 2820 erit
141 2770 187 2819 nisi
202 2770 231 2820 sit
239 2785 281 2834 per
290 2771 399 2821 uirtutem
410 2773 460 2822 nori
472 2772 580 2824 diuinitus
592 2774 667 2823 nietam
677 2789 684 2835 ;
693 2775 753 2825 unde
764 2789 835 2839 super

28 2843 86 2892 illud
104 2841 202 2892 Psotm.
219 2838 298 2894 van
320 2855 326 2892 r
352 2843 447 2894 «Dabit
464 2844 515 2894 nori
533 2858 581 2896 sue
604 2857 684 2894 uocem
699 2845 806 2904 uirtutis,
820 2863 835 2894 o

29 2915 127 2965 Glossa:
145 2915 326 2966 «Resuscitandi
341 2917 445 2982 corporo.
461 2933 475 2966 u
491 2915 536 2967 sed
557 2930 586 2968 ex
603 2930 647 2982 quo
661 2917 764 2982 potentia
785 2919 837 2970 dots
