1998 3326
315 183 346 220 or
361 182 430 220 nome
446 183 598 222 ιιιιιιιιοιιι.
826 179 856 227 'td

50 258 216 318 intensionem,
228 258 271 308 eed
284 257 408 310 secundnm
424 257 592 322 proportionem
606 258 679 323 ipsius
690 261 718 312 ad
732 259 853 316 rationem.

51 330 111 382 Unde
124 334 183 380 tuno
194 327 270 380 solim
280 329 358 392 passio
371 333 490 392 reputatur
500 329 657 394 immoderata,
667 333 757 395 quando
768 333 854 386 limites

49 399 259 452 rationisexoedit.
275 397 489 450 determinantem
508 412 558 462 ιιι
575 399 601 450 dt
620 400 645 450 in
659 405 713 452 aotn
735 403 856 456 matrimo-

50 471 118 534 niali,
133 471 244 534 quamvis
264 469 295 520 sit
308 469 459 520 intentissima
482 471 607 522 seeuadirm
625 473 790 538 quantitatem,
807 488 854 526 non

50 544 123 592 tamen
142 541 236 593 exnerit
254 539 338 592 limites
350 539 395 590 eibi
408 539 422 590 a
435 541 522 592 ratione
532 543 638 604 prefixos
649 547 703 594 ante
714 545 854 609 principium

51 609 489 676 snam,qnamvisinipsadeleotatione
496 611 553 662 ratio
560 613 713 666 eosordinare
720 628 766 666 nen
772 617 855 680 possit.

79 685 113 734 ad
127 687 239 746 qnantum
253 682 389 743 dicendum,
401 681 461 746 qudd
475 684 591 746 turpitudo
605 684 644 736 illa
656 699 708 748 qnae
721 700 811 751 semper
821 691 856 739 eet

49 755 74 806 in
95 760 149 807 artu
164 755 345 818 matrimoniali,
359 759 383 818 et
396 757 578 807 eruhesoentiarn
598 757 668 821 iacit,
682 763 718 810 aet
737 761 855 824 turpitudo

49 839 135 890 pene,
146 831 171 878 et
189 839 237 876 ιιιι
249 826 333 890 onlpae3
347 825 401 889 quia
412 827 440 878 de
454 827 556 890 quotibet
572 829 663 880 detentu
678 831 748 882 homo
762 834 855 882 natura·

49 895 97 948 iter
111 897 236 948 erubescit.

350 989 548 1064 ιιιιιιιιιι.

76 1136 167 1182 Uirium
185 1139 255 1181 octor
273 1137 460 1244 matrimonitolir
478 1138 587 1210 enoooori
605 1138 679 1194 poerit
696 1141 747 1184 oioe
761 1141 826 1186 donia

369 1211 409 1244 mo
420 1211 528 1245 romono.

78 1327 113 1378 dd
125 1325 234 1390 quintum
248 1324 419 1388 eioprooeditnr
427 1324 473 1388 (1).
483 1324 577 1374 Videtur
586 1325 648 1390 qnod
660 1331 728 1378 aotno
737 1329 853 1382 matrimo-

50 1398 115 1449 nialis
126 1396 234 1448 exerrent
247 1395 321 1460 possit
334 1395 401 1446 etiam
415 1395 466 1446 eine
479 1395 546 1446 bonis
559 1396 708 1448 matrimonii.
727 1398 772 1458 Qui
790 1401 853 1452 enim

49 1467 156 1520 inatnra
171 1467 261 1518 taniirm
279 1469 384 1518 movetur
395 1467 423 1517 ad
440 1470 517 1517 aetum
534 1467 687 1530 matm'monii,
701 1481 748 1519 non
759 1469 852 1521 ridetur

50 1540 143 1605 aliquod
164 1539 255 1589 honum
269 1537 409 1589 matrimonii
422 1537 553 1598 intendere,
571 1541 624 1601 quta
640 1539 700 1590 bona
713 1539 854 1604 matrimonii

49 1613 165 1676 pertinent
182 1611 212 1660 nd
226 1609 322 1673 gratiam
338 1609 375 1658 rol
388 1607 504 1658 virtutem.
524 1609 569 1658 Sed
590 1610 680 1671 qnando
701 1609 783 1672 aliquis
801 1613 849 1664 solo

17 1693 18 1696 ’
48 1684 151 1748 appetitu
164 1679 265 1732 natarali
281 1681 386 1730 moretur
404 1681 432 1730 ad
446 1681 524 1728 aetum
539 1679 687 1742 predictam,
701 1692 748 1730 noa
761 1681 853 1732 ridetur

17 1807 18 1826 χ
48 1767 97 1806 ease
112 1756 251 1818 peecatum,
266 1752 322 1815 qnia
340 1751 427 1800 nnllam
439 1749 541 1800 naturale
558 1753 594 1800 est
612 1751 714 1813 maium,
727 1750 779 1800 edm
799 1765 850 1802 ma·

17 2907 19 2992 i

17 3019 19 3092 i

49 1825 95 1876 inm
112 1826 144 1876 eit
162 1839 177 1872 a
193 1827 279 1887 prator
301 1825 405 1872 naturam
422 1825 447 1872 et
463 1825 547 1885 prater
564 1821 681 1884 ordinem,
696 1838 710 1870 o
724 1825 751 1872 ιι
764 1822 851 1889 diony-

51 1897 97 1947 sins
109 1895 169 1948 dieii
179 1896 227 1957 (De
237 1893 319 1944 divio.
333 1893 420 1952 Naar,
429 1903 481 1955 eap.
490 1892 525 1955 ι).
537 1892 671 1956 orgo-artus
680 1893 853 1946 matrimonialis

49 1967 153 2019 excusari
164 1967 252 2030 potest,
267 1963 336 2014 etiam
350 1964 399 2022 sine
410 1964 478 2014 honis
491 1961 639 2013 matrimonii.

77 2043 103 2088 ι.
117 2039 244 2097 Ριιιιιιιι,
255 2035 294 2085 ille
307 2035 346 2098 qui
355 2035 427 2084 utitur
436 2032 533 2096 donjupe
545 2033 573 2082 ad
587 2033 761 2086 terpidationem
774 2036 849 2086 vitan·

50 2111 110 2171 donn,
127 2121 178 2159 non
194 2107 286 2159 videtur
302 2106 394 2170 aliquod
410 2107 495 2156 bonnm
511 2104 648 2158 matrimonii
663 2105 791 2158 intendere.
807 2107 852 2158 Sed

50 2183 102 2232 tdio
120 2193 171 2232 non
187 2181 281 2244 pereat,
299 2181 325 2226 ιιι
339 2177 443 2238 videtur,
456 2175 509 2240 qnia
523 2177 551 2226 ad
566 2177 610 2228 inor
627 2179 666 2226 est
686 2177 855 2228 matrimonium

50 2261 189 2304 concessam
199 2251 307 2300 hnmanae
323 2247 465 2310 infirmitati,
481 2251 508 2296 ιι
520 2245 639 2298 fornicatio
649 2247 742 2310 nitetur,
754 2251 780 2298 nt
791 2251 855 2312 patet

51 2326 69 2374 i.
88 2325 163 2378 Cor„
184 2321 235 2370 vir.
250 2321 310 2383 Ergo
320 2318 388 2369 etiam
400 2319 449 2370 aine
467 2319 532 2370 ironis
547 2318 687 2368 matrimonii
700 2321 776 2382 potest
790 2311 854 2370 aetus

52 2397 100 2460 ejne
113 2392 231 2446 oxenoari.

80 2473 104 2518 3.
119 2468 249 2526 materen,
265 2462 304 2514 ilie
325 2463 365 2526 oni
378 2461 449 2514 utitor
467 2475 492 2513 re
509 2475 551 2512 sna
565 2461 594 2512 ad
609 2460 713 2522 libitum,
730 2474 776 2512 nan
798 2462 853 2512 iacit

51 2543 128 2590 rontra
148 2535 278 2601 justitiam,
293 2537 317 2584 et
335 2534 424 2584 sionna
442 2536 530 2598 peceat,
543 2536 569 2583 ut
582 2533 681 2583 ridetur.
695 2533 740 2582 Sed
753 2545 794 2596 per
807 2546 853 2583 ma·

50 2609 184 2660 trimodiam
195 2619 254 2658 naor
269 2605 365 2656 oidoitnr
377 2618 414 2656 ras
430 2605 489 2666 riri,
503 2609 527 2654 ot
544 2603 557 2654 d
574 2603 696 2656 contrario.
714 2604 775 2666 drgo
791 2604 812 2654 ei
830 2617 855 2655 se

51 2679 151 2731 invicem
165 2678 194 2728 ad
204 2678 294 2728 libitam
306 2679 400 2726 ιιιιιιι
409 2675 504 2726 libidine
514 2679 629 2737 monente,
640 2686 686 2725 non
698 2673 788 2726 videtur
801 2684 853 2726 ease

57 2755 190 2814 porratam
204 2748 277 2800 etsie
292 2746 352 2798 idem
369 2747 428 2811 qnod
445 2747 520 2810 pride.

87 2893 121 2959 (1)
135 2898 173 2943 Ex
185 2897 228 2956 lv,
242 2894 322 2943 Soot,
336 2892 390 2940 dier.
400 2889 440 2952 at,
456 2903 497 2949 qn.
509 2893 534 2952 2,
549 2893 596 2937 art.
606 2889 629 2938 2.
664 2925 666 2928 .

149 3005 204 3045 viri.
472 3022 476 3030 .
682 2987 683 2990 ’
747 2986 761 3031 8
