1998 3326
213 183 245 226 ca
258 183 422 226 manturanum
437 185 493 232 rprr
506 187 539 224 nr
553 186 660 226 (1111111111.
791 177 839 226 aaa

63 258 233 320 (Coucnusro.
246 285 277 296 -
291 259 463 322 sacerdotium,
477 262 537 325 apud
549 261 642 313 Grecos
657 265 681 314 et
691 263 748 314 ulios
761 262 840 314 (tricu-

10 363 11 368 1
33 328 100 392 tales,
120 327 225 392 impedit
243 330 411 385 matrimonium
425 333 620 394 contrahendum,
635 346 681 386 non
696 338 772 384 autern
790 335 840 398 jam

33 399 143 452 contracti
156 400 296 452 matrimonii
315 415 394 464 mum,
406 404 466 466 apud
477 403 632 454 Ocuidentales
640 407 697 456 rard
705 409 729 456 et
746 407 839 455 contrar-

32 473 132 524 lmdum
144 471 253 536 impedit,
265 477 289 524 et
299 472 385 525 dirimit
395 475 561 540 contractum.)

59 543 204 608 Respondec
213 543 347 606 dicendum,
357 544 418 608 qudd
429 548 483 598 ordo
492 560 558 598 sacer
570 549 597 598 de
607 547 646 598 ml
655 548 742 600 ratione
756 549 839 613 hahet,

32 627 57 664 ex
73 615 177 678 quadam
195 614 359 678 congruentia,
373 615 435 680 qudd
446 618 614 668 matrimonium
626 619 735 682 impedire
748 619 840 683 detaut,

32 685 82 749 quia
94 685 123 736 in
139 684 215 735 sacris
229 685 345 736 ordinibus
362 687 496 749 constituti,
512 701 575 738 sacra
590 701 645 739 rasa
659 694 683 740 et
697 695 839 742 sacramenta

32 759 148 819 tmetant3
170 760 194 806 et
207 755 258 806 idco
278 757 362 808 decens
381 761 418 808 eit
439 763 465 808 ut
486 759 619 810 munditiam
640 761 778 824 corporalem
797 775 841 826 por

33 825 203 878 continentiam
218 831 318 878 servent.
337 826 384 880 Sed
400 827 461 891 quod
482 829 592 894 impediat
608 830 794 894 matrimonium,
809 845 839 882 ex

12 927 14 936 1
33 897 200 948 constitutione
210 897 318 948 Ecclesia
330 897 408 948 habet.
421 899 506 950 'lamen
521 900 586 950 aliter
596 902 655 964 apud
667 900 839 966 Latinosqudm

33 969 90 1032 apud
110 969 218 1027 Graecos,
231 968 284 1030 qnia
302 969 362 1032 upnd
375 969 480 1032 Grecos,
493 970 587 1034 impedit
601 972 770 1024 matrimonium
784 985 841 1024 con-

32 1039 170 1088 nataendum
184 1035 257 1087 sclirm
276 1049 305 1087 en
326 1037 350 1086 vi
364 1037 462 1102 ordinis,
479 1040 519 1090 sed
541 1041 600 1103 apud
618 1040 728 1103 Latinos,
742 1041 842 1106 impedit

33 1121 60 1158 cx
75 1107 101 1158 ri
115 1107 222 1171 ordinis,
236 1111 260 1157 et
272 1108 368 1160 ulterilrs
378 1121 407 1159 err
416 1110 627 1176 rotocontinentia
637 1149 643 1174 ,
655 1113 715 1175 quod
729 1117 764 1164 eet
779 1113 841 1164 ordi·

32 1178 100 1228 nibus
109 1177 187 1228 sacris
196 1190 321 1243 annexum,
330 1181 391 1242 quod
400 1179 491 1231 etiamsi
498 1181 550 1245 quis
560 1182 630 1234 verbo
639 1186 706 1234 tenus
715 1197 761 1234 non
774 1183 842 1234 emit·

33 1254 80 1312 tat,
92 1263 123 1300 ex
133 1251 181 1299 hoe
191 1249 242 1313 ipso
255 1252 333 1302 lamen
346 1250 406 1313 quod
417 1253 520 1304 ordinem
532 1253 626 1317 suscipit
636 1253 760 1306 secuudin
772 1255 840 1304 ritum

34 1319 186 1371 occidentalis
210 1320 331 1382 Ecclesiae,
348 1323 482 1386 intelligitur
503 1324 617 1376 emisisse.
640 1327 670 1375 Et
692 1325 758 1389 ideo,
781 1327 842 1391 apud

34 1391 128 1443 Graeros
141 1395 167 1442 ct
184 1390 242 1444 alios
255 1391 396 1454 orientales,
412 1405 478 1444 sacer
492 1396 547 1446 ordo
560 1395 658 1458 impedit
674 1395 842 1446 matrimonium

36 1461 238 1523 contrahendum,
252 1475 299 1512 non
316 1467 392 1513 tamen
403 1464 541 1515 matrimonii
553 1463 617 1529 priirs
634 1466 745 1518 contracti
760 1479 843 1530 usuam

33 1535 133 1596 possunt
151 1532 215 1584 enim
237 1531 382 1585 matrimonio
395 1534 460 1598 prins
476 1539 592 1590 conuecto
613 1537 662 1600 uti,
681 1535 784 1600 quemuis
797 1543 845 1588 non

34 1603 124 1666 passint
150 1601 320 1654 matrimonium
344 1603 371 1653 de
392 1606 614 1666 norocuptrahare.
633 1605 677 1658 Sed
695 1607 755 1671 apud
777 1605 843 1658 occi·

36 1675 151 1726 danielem
159 1673 295 1736 Ecclesiam,
303 1675 399 1742 impedit
409 1675 577 1729 matrimonium
584 1681 608 1726 el
619 1677 759 1728 matrimonii
766 1689 842 1739 usum,

35 1745 81 1796 nisi
90 1745 153 1797 torte
171 1746 293 1808 ignorante
306 1750 347 1796 aut
360 1747 533 1801 contradicente
543 1761 623 1810 uxore,
639 1748 675 1798 rir
692 1748 793 1799 ordinem
806 1760 845 1800 ea·

35 1829 96 1866 crum
109 1817 259 1882 susceperit,
275 1817 329 1882 quia
343 1831 370 1870 cx
387 1819 430 1870 lucc
443 1832 489 1870 non
502 1822 580 1882 potest
593 1819 615 1870 ei
629 1819 720 1882 alquod
737 1817 844 1883 praJ'udi-

36 1886 93 1937 cium
108 1887 226 1950 generari.
240 1889 357 1948 Quomodo
377 1893 453 1940 autem
467 1891 561 1943 ordines
580 1891 639 1940 sacri
651 1889 843 1953 distinguantnrlt

34 1970 81 2008 non
97 1958 173 2010 sacris
187 1971 249 2010 nune
268 1963 292 2010 at
304 1959 330 2010 in
348 1959 465 2024 primitiva
487 1961 607 2024 Ecclesia,
621 1960 705 2012 dictum
724 1965 761 2012 est
773 1960 844 2025 supra

38 2029 244 2094 mamm

66 2102 101 2152 lld
112 2100 213 2166 primum
227 2114 283 2166 crgo
296 2102 432 2166 dicendum,
444 2103 520 2167 qudd,
534 2104 639 2166 quemuis
656 2105 711 2156 ordo
720 2117 784 2154 sacer
794 2116 843 2156 non

35 2172 121 2223 haheat
137 2171 319 2224 contrarietatem
329 2173 357 2224 ad
371 2175 542 2227 matrimonium
553 2175 578 2226 in
592 2181 700 2239 quantum
717 2179 752 2224 est
766 2187 842 2226 saura-

36 2246 160 2304 meutum,
175 2243 245 2294 habet
258 2248 334 2295 tamen
349 2245 520 2308 repugnantiam
534 2249 656 2312 quamdam
671 2247 700 2296 ad
717 2245 791 2308 ipsum
807 2255 843 2294 re-

37 2315 98 2365 lione
118 2312 186 2364 actris
196 2313 245 2377 sui,
260 2314 300 2378 qui
314 2314 445 2379 spirituales
459 2322 522 2366 actus
535 2316 639 2380 impedit.
775 2361 778 2370 ,

66 2386 103 2438 lld
123 2384 251 2436 secundum
265 2385 399 2450 dicendum,
413 2386 474 2450 qudd
493 2387 594 2452 obiectio
608 2387 711 2450 procedit
724 2397 752 2436 ex
770 2384 843 2436 falsie.
916 2442 918 2448 ,

39 2457 97 2508 Ordo
106 2455 172 2508 enim
182 2453 267 2519 ultique
280 2457 377 2521 impedit
386 2457 555 2510 matrimonium
565 2458 751 2520 contrahendum,
763 2467 844 2521 quant·

38 2527 73 2578 ris
86 2539 136 2578 non
147 2526 231 2577 habeat
242 2527 327 2591 ubique
342 2532 420 2578 votum
431 2541 554 2581 annexum.
599 2560 602 2566 ι

68 2599 104 2649 ld
115 2599 211 2650 tertium
226 2599 345 2652 dicendum
352 2636 361 2663 ,
371 2599 432 2664 quod
445 2601 479 2650 illi
490 2601 530 2664 qui
545 2604 600 2654 sunt
612 2599 636 2650 iu
649 2599 720 2652 sacris
727 2598 845 2652 ordinibus

40 2670 168 2735 constituti,
185 2670 318 2735 significant
331 2671 447 2722 Christum
462 2672 611 2724 nobilioribus
621 2672 710 2722 actibus
720 2672 728 2736 (
737 2673 803 2736 prout
816 2683 846 2720 ex

40 2741 106 2792 dictis
119 2743 142 2792 in
157 2746 258 2793 tractatu
273 2742 301 2793 de
324 2741 402 2792 ordine
415 2742 506 2807 patet),
523 2743 590 2806 quam
604 2743 639 2794 illi
650 2743 688 2807 qni
703 2746 756 2798 sunt
768 2740 847 2794 nrttrl·

40 2813 116 2865 nonio
127 2813 259 2878 conjuncti.
275 2813 305 2863 Et
316 2811 367 2863 ideo
380 2813 438 2864 ratio
450 2827 494 2864 non
507 2813 617 2877 sequitur.

70 2887 103 2937 td
114 2890 224 2953 quartum
238 2884 438 2956 dicendum,qudd
449 2885 482 2936 illi
495 2885 534 2950 apri
548 2885 642 2944 suntin
653 2883 778 2952 minorihus
788 2881 849 2936 ardi-
