1980 3320
281 133 314 172 nr
328 133 493 174 mamurra
507 135 619 176 morra.
820 131 852 182 tt

28 207 107 272 aliquo
121 208 149 258 in
164 208 232 274 queri
243 207 331 272 fertur3
346 209 417 273 nude,
433 210 453 260 si
464 214 501 262 est
513 212 547 262 ini
558 213 701 278 ignorantia,
714 217 804 279 oportet
813 217 848 268 ibi

7 291 8 332 t
30 278 391 332 wenoremmuireoatiam
398 280 491 344 ponitur
503 284 832 350 errorqnasieauaaproxinra.

58 353 93 402 ad
111 351 253 402 seeundum
273 350 407 413 dicendum,
418 352 477 416 qued
486 390 492 414 ‚
502 354 607 416 quamuis
622 367 684 406 error
698 369 744 408 neu
757 362 850 410 eontra·

26 422 98 474 uetur
110 420 252 474 secuudum
266 433 292 472 so
306 421 463 486 matrimonio,
476 425 627 476 contrariatur
640 425 662 477 ei
675 429 753 478 tamen
768 442 850 493 quau·

26 493 73 544 tium
88 494 122 544 art
138 505 244 544 eausam
259 505 334 542 suam,

55 565 214 615 intertium
231 563 369 626 dicendum,
386 564 446 628 quiid
463 565 580 616 character
598 567 705 631 baptismi
723 581 769 622 nun
786 583 847 622 nau·

26 640 91 686 satur
104 649 137 687 ex
153 635 294 688 intentione
315 635 450 699 baptizantis
462 637 559 699 directe,
570 639 609 690 sud
623 651 651 690 ex
670 641 784 694 elemento
796 655 851 695 ura·

27 707 103 758 teriaii
122 705 239 758 exieritis
260 705 378 771 adhibito3
394 708 491 760 intentio
511 713 585 761 auteur
607 715 714 774 operatur
731 715 803 765 sulum
818 719 846 766 ut

7 813 8 816 ι
26 779 131 844 dirigens
145 780 297 832 elementum
312 778 429 830 materiate
441 781 469 832 ad
482 780 586 832 etientnrn
599 783 724 846 proprium.
737 785 782 836 Sed
792 785 848 837 rin·

27 851 104 902 rutum
121 849 257 915 coniugale
275 862 305 900 en
321 849 373 914 ipso
390 863 504 902 consensu
516 855 621 903 causatur
634 854 728 907 directe.
743 857 772 906 ut
793 857 848 910 ideo

27 934 70 972 uon
90 926 133 974 est
148 920 244 971 simite.
440 947 446 958 ·

54 993 91 1042 Ad
101 995 225 1055 quartum
237 989 357 1042 dicentum
367 1027 375 1056 ,
387 991 447 1056 quod
453 1029 462 1055 ,
475 992 536 1044 siunt
550 993 666 1058 Magister,
681 996 735 1048 dist.
751 1001 790 1061 tii,
803 999 844 1050 lv,

7 1079 8 1084 ¹
27 1062 144 1112 Seniani.
157 1060 229 1119 dicit,
246 1061 412 1114 matrimonium
426 1064 487 1126 quoti
501 1063 545 1114 tuit
557 1065 618 1116 inter
634 1066 700 1116 Liam
717 1071 742 1118 et
758 1069 846 1134 iacob,

7 1179 8 1194 i
28 1147 70 1186 uon
87 1134 139 1186 tuit
157 1131 294 1198 perfeetum
304 1146 333 1184 ax
343 1134 394 1198 ipso
403 1134 525 1186 concubitu
534 1171 542 1198 ‚
552 1135 592 1198 qui
604 1149 633 1188 ex
646 1150 722 1190 errore
736 1141 844 1204 contigit,

7 1201 8 1274 i
28 1206 64 1256 md
84 1219 117 1257 ex
136 1215 265 1254 eouaeusu
280 1204 320 1267 qui
340 1206 702 1270 postmodumauuessit31arnan
719 1215 819 1274 uterque
833 1210 849 1262 a

7 1277 8 1302 ³
29 1283 122 1338 tenuato
138 1277 281 1336 excusatur,
293 1280 318 1326 ut
328 1279 392 1340 patei
408 1276 434 1328 in
451 1278 531 1330 eadem
555 1279 710 1331 distiumioue.

340 1453 499 1506 ARTICULUS
514 1456 542 1506 11.

150 1576 246 1622 Uariam
253 1576 332 1621 omnir
340 1587 410 1622 error
419 1579 602 1625 matrimonium
611 1581 733 1638 impediat.

7 1709 8 1720 ¹
59 1705 94 1762 td
111 1699 249 1754 secundum
266 1701 298 1752 sic
310 1701 445 1765 prooaditur.
456 1704 551 1756 Videtur
566 1704 627 1768 quirit
637 1705 713 1756 omnis
723 1719 785 1758 error
795 1721 847 1760 ma-

31 1775 173 1828 trimonium
197 1772 323 1837 impediat,
338 1776 361 1824 ei
377 1785 423 1827 uon
443 1774 517 1826 sotium
541 1788 629 1828 norror
647 1777 786 1830 conditionis
805 1783 847 1831 aut

31 1848 148 1911 persona,
157 1861 174 1892 n
187 1843 247 1894 utin
255 1843 329 1896 littera
338 1843 419 1894 dieitur
427 1845 478 1910 (lv.
487 1845 615 1904 Seni-,uhi
624 1847 709 1911 supra).
719 1849 846 1914 Quinquori

31 1917 144 1970 conuenit
154 1914 230 1966 aiiuui
238 1913 364 1966 secundnm
372 1928 407 1979 se,
415 1916 523 1968 conuenit
531 1917 686 1970 sisenandum
695 1923 770 1972 totum
777 1934 845 1972 suum

8 1983 9 2014 ¹
32 1990 159 2041 ambitum.
170 1987 217 2037 Sed
236 1999 297 2036 error
312 1987 341 2036 du
357 1985 394 2036 sui
407 1991 487 2038 natura
504 1989 573 2039 hahet
593 1990 653 2055 quid
672 1991 844 2042 matrimonium

8 2021 9 2102 t
32 2061 158 2128 impediat,
177 2057 305 2109 uitiatum
320 2061 364 2110 est.
379 2059 438 2123 Ergo
449 2058 523 2110 omnia
541 2073 602 2112 error
616 2062 787 2114 matrimonium
802 2063 847 2114 im-

77 2137 108 2186 it.

33 2137 89 2255 mg.
110 2205 248 2265 Praeterea,
261 2200 281 2252 si
296 2213 374 2262 error,
388 2201 413 2252 iu
427 2206 538 2264 quantum
559 2203 711 2268 hujusmodi,
727 2203 846 2256 matrimu-

34 2277 96 2326 uium
119 2272 231 2338 impertit,
245 2273 316 2335 major
327 2285 389 2324 error
398 2273 471 2336 magis
489 2273 557 2324 debet
575 2275 694 2339 impedire.
710 2275 755 2325 Sed
770 2275 845 2339 major

8 2347 9 2426 i
35 2352 69 2398 ast
81 2359 165 2398 error
179 2343 260 2408 fidei,
273 2344 312 2408 qni
326 2349 362 2395 est
376 2343 401 2394 in
414 2344 528 2397 inretitis
543 2359 588 2398 nen
598 2346 741 2398 credentibus
751 2347 795 2398 tuoe
804 2360 844 2398 sa-

36 2421 197 2470 cramentnm.
212 2414 281 2479 unam
294 2430 369 2466 error
381 2431 501 2481 persono.
523 2418 583 2482 Ergo
601 2418 674 2482 nanis
686 2417 755 2470 dotet
767 2417 848 2483 inrue-

36 2491 83 2542 dire
99 2489 174 2552 quarn
188 2499 252 2538 error
262 2499 375 2550 persuum

8 2549 9 2626 ᾖ
66 2567 92 2611 a.
103 2561 231 2620 turturea,
244 2569 305 2609 error
319 2569 366 2609 uon
378 2561 473 2610 evacuat
487 2559 666 2622 matrimonium,
676 2560 722 2614 nisi
735 2560 760 2612 iu
769 2573 845 2625 quan·

8 2683 9 2688 χ
38 2636 85 2682 tum
97 2627 355 2682 totlitvotuntarr'um.
364 2627 408 2680 Sed
418 2627 547 2692 ignorantia
559 2631 682 2695 cujuslibet
693 2631 843 2684 circumstan-

8 2699 9 2708 ³
40 2703 75 2754 tie
94 2698 276 2752 ootnntartom
293 2697 368 2761 mitit,
384 2703 410 2750 ut
427 2703 490 2763 patet
506 2701 531 2750 iu
545 2702 584 2752 lii.
608 2701 692 2754 titinio.
708 2703 777 2766 (ono.
797 2700 841 2764 1).

9 2817 10 2832 ,
58 2788 98 2839 rgo
118 2785 168 2825 nou
187 2768 263 2824 sulum
276 2782 337 2823 erma
356 2771 492 2824 oouditiouia
511 2775 535 2824 et
552 2785 656 2836 persuum
673 2771 844 2824 matrimonium

42 2844 179 2912 ιωμιιιιι.
