1966 3304
124 135 169 190 ato
264 145 467 196 surrnnnuurmr,
483 144 574 192 oumsr.
590 143 780 196 nxv11,nar.v.

122 223 218 276 sublata.
237 221 266 272 Et
286 222 320 275 sic
337 221 406 272 etiam
423 220 558 286 intelligitur
577 221 691 286 quoddam
705 223 803 277 verbum
829 225 937 292 Chryso-

123 295 206 359 storni,
217 295 256 360 qui
272 293 328 344 dicit
340 292 401 357 qudd
415 309 429 342 n
439 292 479 356 qui
492 292 615 344 seeundum
624 292 700 356 legem
712 293 806 346 dimittit
817 311 936 362 uxorem,

122 371 219 432 quatuor
237 365 293 417 lacit
304 362 452 428 iniquitatem
467 364 521 428 quia
533 365 608 430 quoad
622 365 693 418 ileum
711 365 788 418 existit
807 367 938 422 homicida

124 439 163 504 (in
180 439 291 502 quantum
307 436 375 487 babet
392 437 534 501 propositum
551 437 668 489 occidendi
680 451 795 501 uxerem,
810 439 859 490 nisi
881 455 937 494 eam
967 451 968 506 ᾗ

122 510 246 560 dimitteret
254 507 279 576 )¹;
295 509 318 561 et
333 507 387 572 quia
410 508 504 558 dimittit
521 522 568 560 non
587 508 738 561 fornicantem
755 509 797 574 (in
816 525 863 576 quo
883 515 937 566 solo
967 509 968 570 i

122 595 177 633 casu
194 581 232 630 lex
245 579 365 644 Evangelii
383 593 479 631 uxorem
496 578 610 632 dimittere
628 579 772 644 permittit);
785 585 808 633 et
822 583 937 638 similiter
967 573 968 640 i

122 653 176 718 quia
189 651 244 702 lacit
255 664 305 704 eam
316 651 454 712 adulteram,
465 654 489 702 et
502 651 567 702 illum
577 651 704 705 adulterum
717 651 754 704 cui
768 653 905 718 copulatur.
919 674 934 706 n
967 645 968 718 l

152 725 187 776 nd
204 723 309 790 quintum
329 723 463 787 dicendum,
479 723 540 788 qudd
557 719 662 788 quaedam
683 725 762 775 Glossa
775 724 936 780 interlinealis
967 719 968 734 ¹

121 797 192 849 dicit:
206 815 219 844 n
235 796 325 847 Polluta
341 800 377 846 est
386 800 409 848 et
418 794 592 859 abominabilis,
607 794 696 846 scillcet
711 795 773 846 illius
785 795 877 860 judicio
892 800 936 864 qui

121 867 187 934 quasi
199 869 310 933 pollutam
327 881 378 918 eam
391 867 455 934 pride
465 868 567 932 dimisit3
584 885 598 917 n
613 871 637 918 et
653 868 687 918 sic
697 881 743 918 non
759 872 849 932 opertet
867 873 935 934 qudd

121 942 153 992 sit
170 941 257 1006 polluta
277 939 417 1004 simpliciter.
437 939 478 989 Vel
498 939 682 1004 diciturpelluta
698 941 808 990 eomodo
825 955 873 1004 quo
888 944 935 994 im·

121 1013 220 1064 mrrndus
236 1012 351 1064 dicebatur
372 1010 412 1077 qni
424 1014 536 1062 mortuum
552 1011 660 1076 tangebat
679 1012 716 1062 uel
729 1011 865 1078 leprosum,
883 1028 935 1066 non

119 1081 263 1134 immunditia
278 1083 366 1148 culpe,
383 1084 425 1134 sed
440 1083 557 1148 cujusdam
571 1082 744 1146 irregularitatis
756 1081 847 1146 legalis.
861 1083 934 1137 llnde

119 1160 143 1206 et
163 1155 275 1208 sacerdoti
296 1168 342 1207 non
362 1155 444 1208 licebat
466 1155 558 1206 uiduam
576 1159 616 1206 aut
636 1155 778 1242 repudiatapr
800 1153 888 1208 ducere
907 1157 933 1209 in

119 1241 222 1282 uxorem.

419 1335 578 1388 naucerus
595 1335 625 1385 u.

230 1421 683 1521 dltrdmliceoteirorepudiotcmdsa
701 1460 815 1518 accipere.

150 1596 184 1647 dd
196 1594 302 1660 quintum
315 1593 348 1644 sic
358 1590 494 1657 proceditur.
505 1589 601 1641 Videtur
615 1588 678 1654 qudd
692 1588 774 1639 licebat
786 1587 838 1640 rire
855 1601 931 1654 rapu·
967 1599 968 1612 ¹

117 1667 202 1720 dietam
214 1666 227 1716 ir
245 1665 365 1716 scitorum
381 1663 492 1726 accipere.
505 1660 570 1713 Licet
584 1661 646 1712 enim
660 1660 774 1726 corrigere
788 1661 848 1724 quod
863 1663 931 1713 male

117 1738 203 1788 lactum
218 1739 262 1788 est.
278 1736 323 1786 Sed
335 1734 393 1785 male
402 1733 488 1784 tectum
497 1737 547 1785 erat
557 1733 617 1797 qudd
630 1732 665 1782 vir
674 1745 768 1784 uxorem
777 1731 929 1796 repudiabat.

117 1810 178 1872 Ergo
188 1808 324 1858 licebatboc
334 1805 456 1870 corrigere,
465 1805 594 1856 reducendo
604 1817 699 1856 uxorem
714 1804 787 1876 adse.

149 1885 174 1932 t.
184 1882 311 1942 Preterea,
321 1891 411 1945 semper
420 1877 484 1928 benit
496 1875 601 1942 peccanti
614 1875 741 1939 indulgere,
751 1873 802 1925 cium
815 1875 847 1926 sit
859 1889 929 1928 mor·
967 1917 968 1946 ,

117 1953 162 2004 tale
172 1953 321 2015 preceptum,
331 1949 391 2013 quod
405 1947 501 1999 inomni
513 1947 563 2012 lege
576 1949 662 1997 manet.
671 1946 716 1998 Sed
728 1944 776 2008 vir,
788 1945 928 2010 accipiendo
967 1947 968 2042 p

116 2036 211 2078 uxorem
224 2021 379 2087 repudiatam,
393 2020 416 2072 ei
425 2019 529 2086 peccanti
542 2019 685 2084 indulgebat.
698 2018 756 2082 urge
770 2020 815 2086 boc
830 2017 927 2072 licitum

118 2099 176 2149 erat.

148 2171 171 2220 3.
193 2167 319 2226 Praeterea,
341 2165 458 2224 Denter„
480 2163 567 2228 Xlllll,
587 2161 680 2228 ponitur
698 2173 740 2226 pro
766 2173 834 2212 causa
850 2175 925 2226 quare

115 2254 174 2292 uxor
188 2237 305 2303 repudiata
318 2249 365 2288 non
378 2235 452 2301 possit
462 2236 546 2289 iterum
558 2233 642 2299 accipi,
654 2232 731 2299 aquia
745 2233 832 2300 polluta
847 2238 894 2286 est.
906 2252 922 2284 n
967 2265 968 2340 p

115 2313 159 2363 Sed
176 2309 296 2376 repudiata
314 2322 361 2360 non
382 2308 505 2373 polluitur,
521 2305 566 2359 nisi
587 2308 683 2357 alterum
704 2303 778 2355 virum
802 2305 923 2360 ducende.
967 2355 968 2380 ,

114 2384 189 2447 Ergo,
203 2382 285 2435 saltem
297 2383 421 2444 antequam
436 2379 504 2430 alium
515 2377 591 2430 virum
603 2377 709 2440 duceret,
723 2374 806 2429 licebat
819 2389 871 2448 eam
882 2391 923 2430 ac·
967 2381 968 2436 l

116 2467 201 2518 erpere.
967 2471 968 2514 t

144 2525 190 2576 Sed
201 2527 280 2576 eontra
293 2526 336 2584 est,
347 2522 408 2588 quod
421 2521 503 2576 dicitur
518 2523 629 2576 benur„
638 2521 729 2574 XXIV:
746 2521 824 2573 allon
833 2521 921 2586 poterit
967 2517 968 2570 l

114 2596 177 2663 prior
185 2595 280 2648 maritus
289 2594 389 2660 recipere
400 2608 451 2646 eam
459 2611 489 2657 ,a
505 2598 550 2647 etc,
967 2595 968 2644 i

147 2667 308 2732 (Concessio.
317 2692 348 2704 ·-
359 2666 392 2717 Ne
404 2665 490 2716 tentent
504 2663 540 2714 uir
553 2677 647 2718 uxerem
660 2664 798 2729 repudiaret,
812 2665 919 2730 prohibi·
967 2669 968 2700 ἓ

114 2743 163 2790 tum
174 2736 218 2787 init
226 2750 255 2788 ne
264 2739 335 2788 semel
344 2739 372 2789 ab
381 2751 408 2788 eo
418 2737 559 2801 repudiatam
567 2736 641 2788 denub
652 2735 678 2786 ie
685 2749 779 2788 uxorem
790 2737 915 2802 accipiat.)
967 2753 968 2790 t

146 2807 282 2872 Respondec
296 2809 429 2873 dicendum,
449 2807 508 2874 qudo
522 2807 547 2858 in
560 2807 610 2871 lege
626 2809 654 2860 de
667 2807 743 2859 libello
759 2808 850 2874 repudii
873 2809 919 2862 duo
967 2815 968 2838 ³

114 2879 311 2948 erantpermissm
320 2880 424 2936 salet:
441 2880 557 2938 dimittere
571 2893 680 2946 uxorem,
695 2882 721 2934 et
730 2893 826 2941 uremur
837 2881 919 2936 dimis-
