1998 3326
138 151 184 203 tit
292 157 493 207 suaaununsnurr,
508 157 602 202 eumer.
620 157 663 207 nu,
677 157 732 194 ann
747 157 782 195 vr.

431 337 595 392 rauracius
610 341 648 391 Vi.

280 463 483 520 ia'tro'rmosflnitos
492 463 676 508 matrimonium
684 463 806 520 impediat.
870 465 872 468 '

145 629 149 634 .
172 591 205 642 ad
221 593 310 640 sextum
322 588 356 639 sic
369 589 508 652 proceditur.
523 587 617 638 Videtur
631 587 804 652 qudd‘aiduitas
820 587 950 639 matrimo-

143 660 206 712 nium
224 673 270 710 non
293 658 410 722 impediat.
432 658 495 708 Nitril
512 658 576 708 enim
592 657 689 722 impedit
707 659 876 709 matrimonium
900 659 950 711 nisi

142 731 205 794 quod
214 735 250 782 est
260 731 293 781 ilii
304 730 452 782 contrarium.
467 730 514 780 Sed
528 730 627 780 affinitas
642 743 687 782 uon
701 729 852 780 contrariatur
865 731 952 781 matri·

141 803 229 867 monio,
239 803 289 852 cum
304 803 335 854 sit
348 802 444 854 edoctus
452 802 513 867 ejus.
526 803 585 866 drgo
598 817 643 854 non
653 804 749 868 impedit
758 801 949 854 matrimonium.

174 877 197 925 2.
214 875 341 938 Praeterea,
355 885 412 924 uxor
423 887 464 938 per
481 873 652 924 matrimonium
668 875 766 925 efficitur
781 886 818 923 ros
836 874 950 936 medan

141 945 193 1001 virt.
206 947 249 997 Sed
260 945 425 1008 consanguinei
440 945 540 997 defuncti
555 945 600 996 uiri
614 948 741 998 succedunt
753 947 778 997 in
798 945 867 996 rebus
883 946 949 1010 ejus.

141 1015 204 1078 Ergo
215 1020 313 1082 possunt
326 1017 447 1068 succedere
460 1015 485 1066 in
500 1029 580 1078 uxore,
592 1018 697 1082 adquam
708 1019 876 1068 tamenmanot
891 1017 951 1067 aid·

142 1087 217 1166 odes,
233 1092 257 1138 ut
274 1091 392 1140 ostensum
408 1091 451 1138 est.
464 1089 523 1152 Ergo
538 1088 637 1139 affinitas
652 1101 699 1138 non
715 1087 811 1152 impedit
822 1087 948 1138 matrimo-

142 1169 214 1208 mum.

174 1228 220 1278 Sed
230 1232 309 1280 contra
319 1232 363 1288 est.
374 1230 434 1292 qood
448 1229 529 1279 dicitur
543 1229 633 1288 decit„
644 1231 716 1280 xviii
728 1243 735 1280 ι
750 1227 948 1292 ‹r'dnrpitudinem

143 1299 222 1352 moris
238 1300 310 1362 patris
322 1299 357 1351 tui
375 1313 420 1350 non
436 1299 558 1350 revelabis.
569 1316 584 1348 u
600 1301 646 1352 Sed
658 1301 696 1352 iila
709 1307 743 1352 est
756 1298 842 1350 tantirm
855 1299 949 1351 aiflois.

144 1369 204 1433 argo
222 1369 322 1420 affinitas
337 1370 432 1434 impedit
448 1369 628 1422 matrimonium.

178 1441 338 1504 (Concedam.
355 1464 386 1479 -
409 1441 514 1492 affinitas
536 1441 706 1492 matrimonium
731 1440 881 1504 precedens,
901 1455 950 1493 non

143 1510 212 1562 modo
225 1512 403 1562 contrahendum
411 1549 420 1576 ,
435 1513 563 1563 sedetiam
580 1516 719 1564 contractum
735 1511 849 1574 dirimit.)

174 1583 312 1647 Respondet
335 1582 468 1648 dicendum,
484 1584 545 1648 quod
559 1584 657 1634 affinitas
679 1581 811 1648 praecedens
824 1585 949 1637 matrimo-

143 1653 208 1706 nium
227 1653 324 1718 impedit
343 1657 536 1719 contrahendum,
551 1659 574 1706 et
588 1655 674 1706 dirimit
694 1658 850 1715 conmactum,
863 1659 949 1708 eadem

144 1726 233 1776 ratione
256 1741 300 1790 qua
321 1731 345 1778 et
363 1727 557 1791 consanguinitas.
577 1725 716 1777 sicutenim
739 1726 801 1776 inest
819 1727 949 1778 necessitas

143 1798 247 1859 quedam
258 1797 403 1847 cohabitandi
411 1798 589 1861 consanguineis
600 1795 628 1846 ad
638 1797 745 1859 inuicem,
753 1797 785 1846 ita
795 1801 819 1848 et
828 1797 947 1862 arduinum

145 1871 169 1923 et
177 1867 237 1917 sicut
249 1871 285 1917 est
294 1869 406 1931 quoddam
418 1869 524 1918 amicitia
537 1867 654 1916 uinculum
667 1867 727 1917 iuter
743 1868 931 1932 consanguineos
938 1906 947 1932 ,

146 1939 179 1990 ita
195 1938 256 1989 inter
275 1939 364 1989 aidum.
387 1939 433 1990 Sed
456 1939 476 1988 si
497 1937 598 1988 affinitas
616 1938 760 1989 matrimonio
780 1941 947 2003 superveniat,

145 2021 194 2061 non
204 2013 280 2074 potest
297 2009 372 2074 ipsum
386 2009 506 2072 dirimere,
522 2012 548 2059 ut
559 2007 629 2073 cupri
641 2009 727 2060 dictum
742 2014 778 2060 est
790 2023 832 2072 qu.
846 2013 886 2072 tto,
901 2015 946 2060 art.

60 2101 67 2110 ·
144 2083 257 2146 unic.,ad
272 2087 296 2131 t.

177 2155 210 2204 nd
222 2152 319 2218 primum
330 2165 384 2215 ergo
396 2153 529 2217 dicendum,
544 2152 606 2218 qudd
619 2153 718 2204 affinitas
732 2163 777 2201 non
793 2151 947 2203 contrariatur

145 2225 289 2276 matrimonio
298 2238 326 2276 en
334 2237 379 2288 qno
390 2227 508 2285 causatur,
520 2226 560 2276 sed
570 2225 718 2276 contrariatur
729 2223 874 2274 matrimonio
883 2224 948 2287 quod

146 2311 197 2348 cum
213 2297 282 2347 asine
298 2295 475 2346 contrahendum
492 2299 566 2360 esset,
580 2297 728 2359 inquantum
745 2294 867 2358 impediret
886 2295 947 2344 mui-

123 2375 126 2386 '
144 2367 310 2431 diplicetionem
326 2366 433 2420 amicitias
452 2372 475 2418 et
495 2367 686 2432 concupiscentia
700 2366 877 2430 repressionem,
892 2379 946 2430 qne

144 2437 367 2502 peeratrimouium
381 2443 522 2500 queruntur.
561 2458 565 2466 ’

176 2510 210 2560 dd
224 2510 347 2560 secuudum
359 2510 493 2572 dicendum,
505 2511 565 2574 quod
575 2524 612 2560 res
626 2521 737 2572 possessa
753 2507 765 2556 d
779 2506 828 2557 uiro
841 2520 888 2557 uon
897 2506 947 2558 eiii-

147 2581 238 2632 ciuntur·
253 2580 336 2644 aliquid
350 2594 421 2632 uuum
434 2595 486 2631 eum
502 2583 553 2647 ipso
568 2582 631 2644 uiro,
648 2581 708 2630 sicut
722 2592 780 2629 uuor
792 2578 887 2628 efficitur
901 2591 947 2627 uua

146 2665 198 2703 caco
210 2665 261 2701 rum
278 2653 338 2716 ipso.
349 2652 431 2714 Unde,
446 2653 507 2703 sicut
523 2651 708 2716 consanguinitas
721 2650 815 2714 impedit
827 2649 948 2713 matrimo-

146 2724 260 2774 niumral
271 2725 453 2788 conjunctionem
468 2726 496 2776 ad
516 2725 588 2774 uirum
610 2723 736 2774 secunddm
751 2735 840 2772 carnem
849 2757 858 2785 ,
872 2721 904 2770 ita
923 2723 948 2771 et

148 2796 177 2844 ad
194 2807 287 2846 uxorem
301 2796 356 2846 viri.
