1954 3314
244 197 274 236 on
290 195 425 244 portinere
441 196 634 238 ansoncsnrrnrr.
797 189 840 238 tlt

43 273 63 326 ln
74 274 173 326 termirm
185 276 314 338 augmenti,
328 276 348 325 si
360 289 407 325 non
424 276 493 325 trient
505 276 588 340 aliquis
605 289 667 327 error
680 276 704 326 in
716 289 784 341 opere
796 293 839 328 ua-

43 349 108 406 turae,
119 359 163 410 per
175 359 243 410 quem
257 347 287 396 sit
301 346 386 409 aliquid
401 346 501 396 additum
514 350 554 396 rel
574 347 712 396 srrbtractom
727 349 840 411 predicte

41 417 160 478 quantitati
170 433 177 478 ;
189 419 255 480 cujus
268 417 360 481 quidem
370 429 476 468 mensura
488 417 598 481 accipitur
611 418 734 468 secundbrn
746 431 838 483 proper·

40 486 121 538 tionem
136 489 219 542 caloris
238 487 384 538 extendentis
397 491 422 537 et
434 489 522 538 bumidi
539 489 699 552 extensibilis,
713 491 773 553 qnod
793 503 840 540 nnn

40 562 72 606 est
84 560 189 622 ejusden
202 559 294 608 virtutis
304 559 328 608 ln
339 559 455 608 omnibus.
468 559 495 608 Et
505 560 556 610 ideo
567 573 611 608 non
625 573 705 611 omnes
717 566 838 625 resurgent

40 629 61 675 in
80 631 161 680 eadem
176 629 302 692 quantitate
312 667 319 688 ,
329 631 369 678 sed
388 629 483 692 quilibet
495 633 598 693 resurget
610 631 635 680 in
649 629 687 680 illa
700 629 836 695 quantitate,

39 699 60 746 in
75 713 119 762 qna
142 701 224 751 luisset
242 700 375 750 intermino
398 702 528 762 augmenti,
543 701 563 750 si
576 703 656 750 natura
678 715 724 752 nou
738 707 840 752 errasset

39 771 73 819 vel
93 773 231 834 deiecisset3
247 775 306 836 qnod
329 778 405 822 aulem
424 777 527 836 superest
546 773 582 822 vel
599 773 677 822 delicit
689 774 712 822 in
727 774 839 832 bomine,

41 845 150 894 resecabit
171 847 208 895 rel
223 845 341 909 supplebit
353 845 430 894 dirlrra
445 845 554 908 potentia.

68 917 100 966 ld
116 917 216 980 primum
226 929 280 980 ergo
295 916 433 973 dicendum.
447 917 507 978 qubd
522 919 570 981 jam
582 921 643 980 patet
657 930 686 967 ex
697 917 762 968 dictis
778 917 839 980 qubd

40 999 80 1035 non
95 987 204 1038 dicuntur
217 991 297 1038 omnes
307 987 331 1036 in
346 988 424 1037 eadem
438 992 504 1037 atate
518 1000 645 1051 resurgere,
656 989 837 1052 quasinmnibus

41 1063 151 1120 competat
166 1060 246 1109 eadem
263 1059 380 1122 qnanblas
398 1059 537 1117 durationis,
549 1059 595 1108 ‘sed
616 1058 669 1121 quia
687 1059 748 1109 idem
763 1063 838 1109 sulus

41 1129 184 1187 perfectionis
195 1131 239 1179 erit
252 1130 277 1180 in
291 1131 408 1192 omnibns3
423 1129 566 1192 quiquidem
578 1133 652 1179 status
665 1130 747 1180 saliari
759 1133 835 1193 potest

40 1197 62 1245 in
74 1213 157 1263 magna
166 1205 191 1252 et
201 1199 226 1249 in
238 1213 305 1264 parua
319 1202 456 1264 quantitate.

69 1273 99 1321 ld
109 1273 237 1322 secundnm
245 1272 375 1332 dicendum,
388 1271 448 1334 qubd
458 1272 574 1334 quantitas
587 1271 657 1334 brrjus
666 1271 776 1321 individui
792 1285 838 1321 non

41 1341 107 1391 solim
122 1345 249 1406 respondet
267 1345 345 1393 lorrnat
357 1344 459 1406 speciei,
475 1343 598 1393 sedetiam
613 1347 700 1393 nature
714 1343 778 1404 (siue
791 1355 837 1390 ma·

42 1413 110 1475 tede)
125 1415 248 1464 individui.
260 1415 289 1464 El
304 1415 355 1464 ideo
372 1415 430 1464 ratio
446 1427 492 1464 non
506 1413 616 1478 seqnitur.

70 1485 99 1532 ld
115 1487 210 1536 tertium
224 1485 428 1548 dicendum,qudd
438 1487 553 1549 quantitas
567 1486 707 1549 resurgentis
721 1498 766 1535 non
781 1497 838 1548 pro-

42 1558 178 1614 portionetur
188 1558 266 1607 virtuti
277 1557 408 1621 reparanti,
424 1558 477 1621 qnia
494 1558 532 1606 illa
544 1571 589 1608 non
603 1561 638 1608 est
651 1557 679 1606 de
693 1561 772 1606 natura
786 1570 836 1606 cor-

42 1627 112 1689 porls3
128 1643 204 1692 neque
221 1629 335 1679 cineribus
355 1629 478 1680 secundior
498 1630 562 1678 illum
581 1633 665 1679 statum
682 1629 705 1677 in
720 1641 766 1691 qno
785 1633 838 1677 suunt

42 1703 88 1748 ante
105 1702 308 1762 resurrectionem,
320 1702 360 1751 sed
369 1705 454 1751 nature
466 1714 533 1764 quarn
548 1701 622 1764 primo
633 1699 774 1750 individuum
788 1701 834 1748 bc-

42 1766 111 1820 bebal.
122 1769 210 1822 Tamen
228 1771 248 1822 si
263 1774 337 1824 uirtus
353 1773 476 1823 formative
496 1777 588 1836 propter
601 1771 700 1836 aliquem
722 1771 836 1820 delectum

43 1851 82 1888 non
99 1847 189 1905 poterat
207 1844 330 1907 perducere
352 1845 380 1894 ad
400 1844 498 1893 debitam
520 1843 685 1906 quantitatem,
701 1855 751 1905 quoe
771 1855 837 1892 corn-

43 1912 95 1969 petit
103 1917 205 1978 speciei,
214 1915 290 1964 divina
300 1914 372 1964 rictus
381 1915 495 1978 supplebit
505 1915 529 1963 ln
538 1914 701 1964 resurrectione
710 1913 833 1968 delectum.

45 1979 98 2032 sicut
110 1989 173 2047 patet
187 1987 212 2036 in
226 1987 303 2049 nanis3
315 1989 338 2036 et
351 1986 430 2036 eadem
445 1987 502 2036 ratio
521 1990 556 2036 est
569 1986 597 2034 de
611 1985 656 2034 illis
674 1985 714 2048 qui
727 1985 837 2033 immode-

44 2054 92 2103 rate
104 2057 267 2119 unguitudinis
281 2057 373 2108 luerunt
384 2059 442 2107 ultra
460 2057 559 2108 debiturn
571 2061 667 2106 nature.

329 2231 488 2288 ARTICULUS
506 2235 546 2286 lll.

190 2361 274 2404 Utrum
284 2369 363 2404 omues
373 2361 498 2415 reserpendi
508 2358 534 2402 c'rr
543 2367 601 2401 senor
610 2353 685 2402 uirili.

74 2473 103 2525 bd
114 2482 204 2531 tertium
221 2481 255 2533 sie
266 2483 400 2547 proceditur.
410 2481 575 2545 videturqubd
589 2495 668 2532 omnes
682 2485 801 2545 resurgent
812 2483 835 2532 iu

44 2549 96 2594 seru
112 2550 178 2602 virili.
196 2555 253 2614 Qtria
263 2553 345 2604 dicitnr
353 2555 457 2618 Epicu,
471 2555 513 2614 lV,
528 2553 588 2616 qubd
604 2573 614 2598 c
629 2566 709 2603 omnes
731 2565 834 2602 occurre-

44 2617 131 2733 Llls'in
149 2623 221 2674 rirnrn
235 2623 369 2688 perlectum,
382 2644 393 2670 n
408 2628 451 2676 ele.
468 2626 527 2688 Ergo
540 2637 585 2674 nou
601 2624 645 2674 erit
665 2624 696 2673 ibi
711 2622 756 2672 nisi
769 2637 837 2674 sexus

60 2694 121 2738 ints.

73 2755 96 2803 ἓ·
112 2761 220 2816 Praeterea
231 2801 236 2824 ,
249 2785 263 2814 u
271 2767 294 2816 in
307 2767 386 2816 tuturo
396 2766 468 2817 omnis
479 2766 580 2830 praelatio
590 2764 700 2826 cessabit,
713 2779 728 2811 o
741 2768 767 2814 nt
778 2765 834 2814 dicit

45 2811 126 2904 blaesa,
136 2833 145 2881 l
157 2835 227 2895 Cor„
237 2839 286 2888 llll.
301 2837 344 2887 Sed
355 2837 434 2886 mulier
442 2837 520 2886 ordine
529 2835 625 2886 naturali
635 2836 723 2886 subdita
731 2839 768 2885 est
776 2835 834 2884 viro.

52 2903 98 2956 ‘dit
112 2903 216 2958 molliores
231 2921 275 2958 non
290 2912 408 2972 resurgent
421 2908 444 2958 in
453 2911 514 2958 'seru
528 2907 648 2971 muliebri,
664 2908 704 2958 sed
719 2905 788 2955 uirili.
