<?xml version="1.0" encoding="UTF-8"?>
<!DOCTYPE html PUBLIC "-//W3C//DTD XHTML 1.0 Transitional//EN"
    "http://www.w3.org/TR/xhtml1/DTD/xhtml1-transitional.dtd">
<html xmlns="http://www.w3.org/1999/xhtml" xml:lang="en" lang="en">
 <head>
  <title>
</title>
<meta http-equiv="Content-Type" content="text/html;charset=utf-8" />
  <meta name='ocr-system' content='tesseract 3.04.00' />
  <meta name='ocr-capabilities' content='ocr_page ocr_carea ocr_par ocr_line ocrx_word'/>
</head>
<body>
  <div class='ocr_page' id='page_1' title='image "./summatheologica06nicogoog_0118.png"; bbox 0 0 2026 3304; ppageno 0'>
   <div class='ocr_carea' id='block_1_1' title="bbox 140 211 792 267">
    <p class='ocr_par' dir='ltr' id='par_1_1' title="bbox 140 211 792 267">
     <span class='ocr_line' id='line_1_1' title="bbox 140 211 792 267; baseline -0.014 -5"><span class='ocrx_word' id='word_1_1' title='bbox 140 211 187 262; x_wconf 76' lang='lat' dir='ltr'>nni</span> <span class='ocrx_word' id='word_1_2' title='bbox 290 219 496 267; x_wconf 75' lang='lat' dir='ltr'>suranensnnun,</span> <span class='ocrx_word' id='word_1_3' title='bbox 512 217 606 262; x_wconf 78' lang='lat' dir='ltr'>oussr.</span> <span class='ocrx_word' id='word_1_4' title='bbox 625 217 675 264; x_wconf 81' lang='lat' dir='ltr'>niv,</span> <span class='ocrx_word' id='word_1_5' title='bbox 693 217 749 255; x_wconf 81' lang='lat' dir='ltr'>aar.</span> <span class='ocrx_word' id='word_1_6' title='bbox 765 217 792 255; x_wconf 89' lang='grc' dir='ltr'>ιι.</span> 
     </span>
    </p>
   </div>
   <div class='ocr_carea' id='block_1_2' title="bbox 136 293 946 644">
    <p class='ocr_par' dir='ltr' id='par_1_2' title="bbox 136 293 946 644">
     <span class='ocr_line' id='line_1_2' title="bbox 139 293 946 362; baseline -0.002 -14"><span class='ocrx_word' id='word_1_7' title='bbox 139 297 213 362; x_wconf 84' lang='lat' dir='ltr'>primo</span> <span class='ocrx_word' id='word_1_8' title='bbox 226 297 251 348; x_wconf 86' lang='lat' dir='ltr'>iu</span> <span class='ocrx_word' id='word_1_9' title='bbox 260 309 383 360; x_wconf 86' lang='lat' dir='ltr'>progressu</span> <span class='ocrx_word' id='word_1_10' title='bbox 400 297 571 360; x_wconf 66' lang='lat' dir='ltr'><strong>propagationis</strong></span> <span class='ocrx_word' id='word_1_11' title='bbox 584 293 692 356; x_wconf 86' lang='lat' dir='ltr'>occurrit,</span> <span class='ocrx_word' id='word_1_12' title='bbox 704 293 740 344; x_wconf 83' lang='lat' dir='ltr'>ret</span> <span class='ocrx_word' id='word_1_13' title='bbox 754 293 897 345; x_wconf 82' lang='lat' dir='ltr'>ascendendo</span> <span class='ocrx_word' id='word_1_14' title='bbox 905 295 946 347; x_wconf 81' lang='lat' dir='ltr'>ret</span> 
     </span>
     <span class='ocr_line' id='line_1_3' title="bbox 139 364 943 431; baseline -0.005 -11"><span class='ocrx_word' id='word_1_15' title='bbox 139 369 297 420; x_wconf 88' lang='lat' dir='ltr'>descendendo</span> <span class='ocrx_word' id='word_1_16' title='bbox 306 367 396 429; x_wconf 51' lang='lat' dir='ltr'>„distat</span> <span class='ocrx_word' id='word_1_17' title='bbox 412 367 542 430; x_wconf 82' lang='lat' dir='ltr'>abaliquo,</span> <span class='ocrx_word' id='word_1_18' title='bbox 555 366 610 431; x_wconf 77' lang='lat' dir='ltr'>puta</span> <span class='ocrx_word' id='word_1_19' title='bbox 621 365 634 415; x_wconf 79' lang='lat' dir='ltr'>a</span> <span class='ocrx_word' id='word_1_20' title='bbox 645 367 727 427; x_wconf 86' lang='lat' dir='ltr'>Petro,</span> <span class='ocrx_word' id='word_1_21' title='bbox 740 364 763 414; x_wconf 90' lang='lat' dir='ltr'>iu</span> <span class='ocrx_word' id='word_1_22' title='bbox 773 365 846 428; x_wconf 88' lang='lat' dir='ltr'>primo</span> <span class='ocrx_word' id='word_1_23' title='bbox 864 367 943 430; x_wconf 68' lang='lat' dir='ltr'>pado,</span> 
     </span>
     <span class='ocr_line' id='line_1_4' title="bbox 139 435 943 504; baseline -0.004 -13"><span class='ocrx_word' id='word_1_24' title='bbox 139 444 167 492; x_wconf 89' lang='lat' dir='ltr'>ut</span> <span class='ocrx_word' id='word_1_25' title='bbox 176 445 239 504; x_wconf 86' lang='lat' dir='ltr'>pater</span> <span class='ocrx_word' id='word_1_26' title='bbox 250 441 273 488; x_wconf 91' lang='lat' dir='ltr'>et</span> <span class='ocrx_word' id='word_1_27' title='bbox 283 437 351 500; x_wconf 70' lang='lat' dir='ltr'>fitium</span> <span class='ocrx_word' id='word_1_28' title='bbox 367 452 418 501; x_wconf 78' lang='lat' dir='ltr'>quar</span> <span class='ocrx_word' id='word_1_29' title='bbox 430 442 506 488; x_wconf 84' lang='lat' dir='ltr'>autem</span> <span class='ocrx_word' id='word_1_30' title='bbox 516 436 617 490; x_wconf 83' lang='lat' dir='ltr'>secundo</span> <span class='ocrx_word' id='word_1_31' title='bbox 630 436 737 498; x_wconf 82' lang='lat' dir='ltr'>utrinque</span> <span class='ocrx_word' id='word_1_32' title='bbox 751 435 863 500; x_wconf 89' lang='lat' dir='ltr'>occurrit,</span> <span class='ocrx_word' id='word_1_33' title='bbox 874 437 943 488; x_wconf 88' lang='lat' dir='ltr'>distat</span> 
     </span>
     <span class='ocr_line' id='line_1_5' title="bbox 136 506 943 571; baseline -0.002 -9"><span class='ocrx_word' id='word_1_34' title='bbox 136 511 166 562; x_wconf 92' lang='lat' dir='ltr'>in</span> <span class='ocrx_word' id='word_1_35' title='bbox 183 511 281 562; x_wconf 88' lang='lat' dir='ltr'>secundo</span> <span class='ocrx_word' id='word_1_36' title='bbox 298 509 385 571; x_wconf 89' lang='lat' dir='ltr'>gradu,</span> <span class='ocrx_word' id='word_1_37' title='bbox 400 512 426 558; x_wconf 89' lang='lat' dir='ltr'>ut</span> <span class='ocrx_word' id='word_1_38' title='bbox 445 521 500 560; x_wconf 88' lang='lat' dir='ltr'>avus</span> <span class='ocrx_word' id='word_1_39' title='bbox 520 511 543 559; x_wconf 88' lang='lat' dir='ltr'>et</span> <span class='ocrx_word' id='word_1_40' title='bbox 560 520 648 570; x_wconf 90' lang='lat' dir='ltr'>nepos,</span> <span class='ocrx_word' id='word_1_41' title='bbox 666 509 689 556; x_wconf 86' lang='lat' dir='ltr'>et</span> <span class='ocrx_word' id='word_1_42' title='bbox 707 506 740 558; x_wconf 89' lang='lat' dir='ltr'>sic</span> <span class='ocrx_word' id='word_1_43' title='bbox 763 506 879 571; x_wconf 84' lang='lat' dir='ltr'>deinceps.</span> <span class='ocrx_word' id='word_1_44' title='bbox 897 509 943 560; x_wconf 86' lang='lat' dir='ltr'>Sed</span> 
     </span>
     <span class='ocr_line' id='line_1_6' title="bbox 142 577 945 644; baseline -0.001 -13"><span class='ocrx_word' id='word_1_45' title='bbox 142 579 330 644; x_wconf 73' lang='lat' dir='ltr'>consanguinitas</span> <span class='ocrx_word' id='word_1_46' title='bbox 344 593 422 630; x_wconf 87' lang='lat' dir='ltr'>eorum</span> <span class='ocrx_word' id='word_1_47' title='bbox 435 579 475 642; x_wconf 85' lang='lat' dir='ltr'>qui</span> <span class='ocrx_word' id='word_1_48' title='bbox 489 584 544 630; x_wconf 88' lang='lat' dir='ltr'>sunt</span> <span class='ocrx_word' id='word_1_49' title='bbox 556 579 581 628; x_wconf 91' lang='lat' dir='ltr'>iu</span> <span class='ocrx_word' id='word_1_50' title='bbox 596 579 656 630; x_wconf 88' lang='lat' dir='ltr'>linea</span> <span class='ocrx_word' id='word_1_51' title='bbox 670 577 834 640; x_wconf 86' lang='lat' dir='ltr'>transversali,</span> <span class='ocrx_word' id='word_1_52' title='bbox 853 583 945 630; x_wconf 76' lang='lat' dir='ltr'>couna-</span> 
     </span>
    </p>
   </div>
   <div class='ocr_carea' id='block_1_3' title="bbox 135 651 945 2993">
    <p class='ocr_par' dir='ltr' id='par_1_3' title="bbox 135 651 945 2566">
     <span class='ocr_line' id='line_1_7' title="bbox 142 651 944 715; baseline -0.001 -11"><span class='ocrx_word' id='word_1_53' title='bbox 142 653 204 706; x_wconf 87' lang='lat' dir='ltr'>hitur</span> <span class='ocrx_word' id='word_1_54' title='bbox 220 665 266 702; x_wconf 90' lang='lat' dir='ltr'>non</span> <span class='ocrx_word' id='word_1_55' title='bbox 283 664 312 701; x_wconf 89' lang='lat' dir='ltr'>er</span> <span class='ocrx_word' id='word_1_56' title='bbox 326 653 370 702; x_wconf 90' lang='lat' dir='ltr'>hoc</span> <span class='ocrx_word' id='word_1_57' title='bbox 387 651 450 715; x_wconf 82' lang='lat' dir='ltr'>oudd</span> <span class='ocrx_word' id='word_1_58' title='bbox 461 665 521 702; x_wconf 88' lang='lat' dir='ltr'>unus</span> <span class='ocrx_word' id='word_1_59' title='bbox 537 664 615 702; x_wconf 90' lang='lat' dir='ltr'>eorum</span> <span class='ocrx_word' id='word_1_60' title='bbox 627 663 656 700; x_wconf 87' lang='lat' dir='ltr'>er</span> <span class='ocrx_word' id='word_1_61' title='bbox 676 651 723 700; x_wconf 88' lang='lat' dir='ltr'>atio</span> <span class='ocrx_word' id='word_1_62' title='bbox 736 653 886 714; x_wconf 67' lang='lat' dir='ltr'><strong>propagatur,</strong></span> <span class='ocrx_word' id='word_1_63' title='bbox 902 651 944 703; x_wconf 88' lang='lat' dir='ltr'>sad</span> 
     </span>
     <span class='ocr_line' id='line_1_8' title="bbox 140 719 941 788; baseline -0.001 -14"><span class='ocrx_word' id='word_1_64' title='bbox 140 723 193 788; x_wconf 76' lang='lat' dir='ltr'>quia</span> <span class='ocrx_word' id='word_1_65' title='bbox 207 727 300 786; x_wconf 86' lang='lat' dir='ltr'>uterque</span> <span class='ocrx_word' id='word_1_66' title='bbox 310 726 447 786; x_wconf 68' lang='lat' dir='ltr'>propagatur</span> <span class='ocrx_word' id='word_1_67' title='bbox 460 735 489 772; x_wconf 77' lang='lat' dir='ltr'>eu</span> <span class='ocrx_word' id='word_1_68' title='bbox 498 735 543 772; x_wconf 89' lang='lat' dir='ltr'>uuo</span> <span class='ocrx_word' id='word_1_69' title='bbox 552 739 559 784; x_wconf 81' lang='lat'>3</span> <span class='ocrx_word' id='word_1_70' title='bbox 569 725 593 772; x_wconf 92' lang='lat' dir='ltr'>et</span> <span class='ocrx_word' id='word_1_71' title='bbox 604 720 655 771; x_wconf 84' lang='lat' dir='ltr'>ideo</span> <span class='ocrx_word' id='word_1_72' title='bbox 669 719 737 770; x_wconf 87' lang='lat' dir='ltr'>debet</span> <span class='ocrx_word' id='word_1_73' title='bbox 748 720 831 780; x_wconf 88' lang='lat' dir='ltr'>gradus</span> <span class='ocrx_word' id='word_1_74' title='bbox 842 733 941 773; x_wconf 67' lang='lat' dir='ltr'>conmu-</span> 
     </span>
     <span class='ocr_line' id='line_1_9' title="bbox 140 789 942 861; baseline 0 -17"><span class='ocrx_word' id='word_1_75' title='bbox 140 793 259 861; x_wconf 86' lang='lat' dir='ltr'>guinitatis</span> <span class='ocrx_word' id='word_1_76' title='bbox 267 793 291 844; x_wconf 91' lang='lat' dir='ltr'>in</span> <span class='ocrx_word' id='word_1_77' title='bbox 302 794 345 842; x_wconf 88' lang='lat' dir='ltr'>inae</span> <span class='ocrx_word' id='word_1_78' title='bbox 355 793 416 844; x_wconf 86' lang='lat' dir='ltr'>linea</span> <span class='ocrx_word' id='word_1_79' title='bbox 428 792 553 856; x_wconf 84' lang='lat' dir='ltr'>computari</span> <span class='ocrx_word' id='word_1_80' title='bbox 565 805 606 856; x_wconf 91' lang='lat' dir='ltr'>per</span> <span class='ocrx_word' id='word_1_81' title='bbox 620 789 814 855; x_wconf 85' lang='lat' dir='ltr'>comparationem</span> <span class='ocrx_word' id='word_1_82' title='bbox 829 791 858 842; x_wconf 91' lang='lat' dir='ltr'>ad</span> <span class='ocrx_word' id='word_1_83' title='bbox 869 803 942 844; x_wconf 83' lang='lat' dir='ltr'>unum</span> 
     </span>
     <span class='ocr_line' id='line_1_10' title="bbox 138 861 944 930; baseline 0.004 -16"><span class='ocrx_word' id='word_1_84' title='bbox 138 864 275 930; x_wconf 90' lang='lat' dir='ltr'>principium</span> <span class='ocrx_word' id='word_1_85' title='bbox 285 897 292 924; x_wconf 89' lang='lat'>,</span> <span class='ocrx_word' id='word_1_86' title='bbox 304 877 333 914; x_wconf 86' lang='lat' dir='ltr'>ax</span> <span class='ocrx_word' id='word_1_87' title='bbox 347 877 391 928; x_wconf 88' lang='lat' dir='ltr'>quo</span> <span class='ocrx_word' id='word_1_88' title='bbox 404 868 550 930; x_wconf 84' lang='lat' dir='ltr'>propagatur.</span> <span class='ocrx_word' id='word_1_89' title='bbox 560 864 604 914; x_wconf 81' lang='lat' dir='ltr'>Sed</span> <span class='ocrx_word' id='word_1_90' title='bbox 615 861 740 914; x_wconf 76' lang='lat' dir='ltr'>secundnm</span> <span class='ocrx_word' id='word_1_91' title='bbox 750 863 794 912; x_wconf 90' lang='lat' dir='ltr'>hoc</span> <span class='ocrx_word' id='word_1_92' title='bbox 806 867 841 913; x_wconf 86' lang='lat' dir='ltr'>est</span> <span class='ocrx_word' id='word_1_93' title='bbox 853 863 944 918; x_wconf 80' lang='lat' dir='ltr'>diuersa</span> 
     </span>
     <span class='ocr_line' id='line_1_11' title="bbox 139 932 943 999; baseline -0.004 -11"><span class='ocrx_word' id='word_1_94' title='bbox 139 935 279 999; x_wconf 85' lang='lat' dir='ltr'>computatio</span> <span class='ocrx_word' id='word_1_95' title='bbox 290 934 398 985; x_wconf 88' lang='lat' dir='ltr'>canonica</span> <span class='ocrx_word' id='word_1_96' title='bbox 412 937 435 984; x_wconf 91' lang='lat' dir='ltr'>et</span> <span class='ocrx_word' id='word_1_97' title='bbox 447 934 527 998; x_wconf 84' lang='lat' dir='ltr'>legalis</span> <span class='ocrx_word' id='word_1_98' title='bbox 536 971 548 997; x_wconf 52' lang='lat' dir='ltr'>g</span> <span class='ocrx_word' id='word_1_99' title='bbox 558 933 611 997; x_wconf 85' lang='lat' dir='ltr'>quia</span> <span class='ocrx_word' id='word_1_100' title='bbox 624 932 704 997; x_wconf 84' lang='lat' dir='ltr'>legatis</span> <span class='ocrx_word' id='word_1_101' title='bbox 717 934 856 996; x_wconf 87' lang='lat' dir='ltr'>computatio</span> <span class='ocrx_word' id='word_1_102' title='bbox 867 938 943 986; x_wconf 89' lang='lat' dir='ltr'>atten-</span> 
     </span>
     <span class='ocr_line' id='line_1_12' title="bbox 138 1005 942 1068; baseline 0 -10"><span class='ocrx_word' id='word_1_103' title='bbox 138 1007 172 1060; x_wconf 90' lang='lat' dir='ltr'>dit</span> <span class='ocrx_word' id='word_1_104' title='bbox 187 1008 321 1056; x_wconf 82' lang='lat' dir='ltr'>descensum</span> <span class='ocrx_word' id='word_1_105' title='bbox 334 1005 348 1055; x_wconf 79' lang='lat' dir='ltr'>a</span> <span class='ocrx_word' id='word_1_106' title='bbox 359 1007 475 1056; x_wconf 87' lang='lat' dir='ltr'>communi</span> <span class='ocrx_word' id='word_1_107' title='bbox 488 1005 563 1054; x_wconf 80' lang='lat' dir='ltr'>radice</span> <span class='ocrx_word' id='word_1_108' title='bbox 577 1018 606 1054; x_wconf 85' lang='lat' dir='ltr'>en</span> <span class='ocrx_word' id='word_1_109' title='bbox 618 1008 715 1067; x_wconf 83' lang='lat' dir='ltr'>utraque</span> <span class='ocrx_word' id='word_1_110' title='bbox 727 1005 792 1068; x_wconf 87' lang='lat' dir='ltr'>parte</span> <span class='ocrx_word' id='word_1_111' title='bbox 800 1013 814 1064; x_wconf 72' lang='grc'>,’</span> <span class='ocrx_word' id='word_1_112' title='bbox 822 1005 863 1055; x_wconf 90' lang='lat' dir='ltr'>sed</span> <span class='ocrx_word' id='word_1_113' title='bbox 872 1019 942 1058; x_wconf 87' lang='lat' dir='ltr'>cauo·</span> 
     </span>
     <span class='ocr_line' id='line_1_13' title="bbox 138 1074 942 1138; baseline 0.002 -10"><span class='ocrx_word' id='word_1_114' title='bbox 138 1078 190 1128; x_wconf 88' lang='lat' dir='ltr'>nica</span> <span class='ocrx_word' id='word_1_115' title='bbox 198 1077 287 1128; x_wconf 83' lang='lat' dir='ltr'>tautdm</span> <span class='ocrx_word' id='word_1_116' title='bbox 301 1091 330 1128; x_wconf 82' lang='lat' dir='ltr'>ex</span> <span class='ocrx_word' id='word_1_117' title='bbox 346 1077 434 1138; x_wconf 65' lang='lat' dir='ltr'>alera,</span> <span class='ocrx_word' id='word_1_118' title='bbox 449 1089 477 1128; x_wconf 86' lang='lat' dir='ltr'>er</span> <span class='ocrx_word' id='word_1_119' title='bbox 492 1076 533 1126; x_wconf 90' lang='lat' dir='ltr'>ilia</span> <span class='ocrx_word' id='word_1_120' title='bbox 543 1075 631 1126; x_wconf 87' lang='lat' dir='ltr'>scilicet</span> <span class='ocrx_word' id='word_1_121' title='bbox 648 1088 676 1126; x_wconf 87' lang='lat' dir='ltr'>er</span> <span class='ocrx_word' id='word_1_122' title='bbox 687 1087 731 1138; x_wconf 83' lang='lat' dir='ltr'>qua</span> <span class='ocrx_word' id='word_1_123' title='bbox 746 1074 819 1138; x_wconf 62' lang='lat' dir='ltr'>uapor</span> <span class='ocrx_word' id='word_1_124' title='bbox 832 1089 942 1130; x_wconf 85' lang='lat' dir='ltr'>numerus</span> 
     </span>
     <span class='ocr_line' id='line_1_14' title="bbox 137 1147 941 1215; baseline 0 -15"><span class='ocrx_word' id='word_1_125' title='bbox 137 1150 248 1213; x_wconf 79' lang='lat' dir='ltr'>graduum</span> <span class='ocrx_word' id='word_1_126' title='bbox 264 1149 388 1200; x_wconf 81' lang='lat' dir='ltr'>iuvenitur.</span> <span class='ocrx_word' id='word_1_127' title='bbox 400 1149 475 1212; x_wconf 89' lang='lat' dir='ltr'>Unde,</span> <span class='ocrx_word' id='word_1_128' title='bbox 487 1147 610 1199; x_wconf 86' lang='lat' dir='ltr'>secuudirm</span> <span class='ocrx_word' id='word_1_129' title='bbox 623 1148 719 1211; x_wconf 81' lang='lat' dir='ltr'>legalem</span> <span class='ocrx_word' id='word_1_130' title='bbox 737 1148 941 1215; x_wconf 82' lang='lat' dir='ltr'>computationem,</span> 
     </span>
     <span class='ocr_line' id='line_1_15' title="bbox 137 1218 940 1285; baseline -0.002 -11"><span class='ocrx_word' id='word_1_131' title='bbox 137 1221 207 1274; x_wconf 80' lang='lat' dir='ltr'>nater</span> <span class='ocrx_word' id='word_1_132' title='bbox 220 1225 244 1272; x_wconf 88' lang='lat' dir='ltr'>et</span> <span class='ocrx_word' id='word_1_133' title='bbox 252 1234 324 1282; x_wconf 88' lang='lat' dir='ltr'>soror,</span> <span class='ocrx_word' id='word_1_134' title='bbox 340 1222 376 1272; x_wconf 84' lang='lat' dir='ltr'>vel</span> <span class='ocrx_word' id='word_1_135' title='bbox 388 1221 432 1272; x_wconf 92' lang='lat' dir='ltr'>duo</span> <span class='ocrx_word' id='word_1_136' title='bbox 447 1221 529 1270; x_wconf 88' lang='lat' dir='ltr'>iratres</span> <span class='ocrx_word' id='word_1_137' title='bbox 541 1219 637 1269; x_wconf 73' lang='lat' dir='ltr'>attinent</span> <span class='ocrx_word' id='word_1_138' title='bbox 650 1219 693 1268; x_wconf 81' lang='lat' dir='ltr'>sini</span> <span class='ocrx_word' id='word_1_139' title='bbox 707 1218 731 1268; x_wconf 87' lang='lat' dir='ltr'>in</span> <span class='ocrx_word' id='word_1_140' title='bbox 743 1219 841 1269; x_wconf 85' lang='lat' dir='ltr'>secundo</span> <span class='ocrx_word' id='word_1_141' title='bbox 853 1223 940 1285; x_wconf 84' lang='lat' dir='ltr'>gradu,</span> 
     </span>
     <span class='ocr_line' id='line_1_16' title="bbox 137 1290 942 1355; baseline 0.002 -13"><span class='ocrx_word' id='word_1_142' title='bbox 137 1291 192 1355; x_wconf 85' lang='lat' dir='ltr'>quia</span> <span class='ocrx_word' id='word_1_143' title='bbox 205 1295 300 1354; x_wconf 85' lang='lat' dir='ltr'>uterque</span> <span class='ocrx_word' id='word_1_144' title='bbox 313 1291 327 1342; x_wconf 76' lang='lat' dir='ltr'>a</span> <span class='ocrx_word' id='word_1_145' title='bbox 340 1291 414 1342; x_wconf 85' lang='lat' dir='ltr'>radice</span> <span class='ocrx_word' id='word_1_146' title='bbox 429 1291 543 1341; x_wconf 82' lang='lat' dir='ltr'>mmmuni</span> <span class='ocrx_word' id='word_1_147' title='bbox 558 1290 627 1340; x_wconf 84' lang='lat' dir='ltr'>distat</span> <span class='ocrx_word' id='word_1_148' title='bbox 643 1303 684 1354; x_wconf 84' lang='lat' dir='ltr'>per</span> <span class='ocrx_word' id='word_1_149' title='bbox 701 1302 773 1340; x_wconf 89' lang='lat' dir='ltr'>unum</span> <span class='ocrx_word' id='word_1_150' title='bbox 792 1291 903 1355; x_wconf 88' lang='lat' dir='ltr'>gradum,</span> <span class='ocrx_word' id='word_1_151' title='bbox 916 1297 942 1344; x_wconf 86' lang='lat' dir='ltr'>et</span> 
     </span>
     <span class='ocr_line' id='line_1_17' title="bbox 136 1361 940 1426; baseline 0.002 -13"><span class='ocrx_word' id='word_1_152' title='bbox 136 1361 241 1414; x_wconf 85' lang='lat' dir='ltr'>similiter</span> <span class='ocrx_word' id='word_1_153' title='bbox 253 1363 294 1412; x_wconf 89' lang='lat' dir='ltr'>iiiii</span> <span class='ocrx_word' id='word_1_154' title='bbox 308 1364 404 1413; x_wconf 87' lang='lat' dir='ltr'>duorum</span> <span class='ocrx_word' id='word_1_155' title='bbox 415 1361 510 1411; x_wconf 76' lang='lat' dir='ltr'>fratrum</span> <span class='ocrx_word' id='word_1_156' title='bbox 522 1361 608 1411; x_wconf 89' lang='lat' dir='ltr'>distant</span> <span class='ocrx_word' id='word_1_157' title='bbox 622 1361 635 1413; x_wconf 80' lang='lat' dir='ltr'>d</span> <span class='ocrx_word' id='word_1_158' title='bbox 654 1375 678 1412; x_wconf 86' lang='lat' dir='ltr'>se</span> <span class='ocrx_word' id='word_1_159' title='bbox 695 1361 794 1411; x_wconf 85' lang='lat' dir='ltr'>inuicem</span> <span class='ocrx_word' id='word_1_160' title='bbox 810 1361 835 1411; x_wconf 93' lang='lat' dir='ltr'>iu</span> <span class='ocrx_word' id='word_1_161' title='bbox 846 1366 940 1426; x_wconf 84' lang='lat' dir='ltr'>quarto.</span> 
     </span>
     <span class='ocr_line' id='line_1_18' title="bbox 137 1431 944 1494; baseline 0.002 -10"><span class='ocrx_word' id='word_1_162' title='bbox 137 1433 182 1484; x_wconf 87' lang='lat' dir='ltr'>Sed</span> <span class='ocrx_word' id='word_1_163' title='bbox 195 1432 320 1484; x_wconf 79' lang='lat' dir='ltr'>secundnm</span> <span class='ocrx_word' id='word_1_164' title='bbox 329 1431 522 1494; x_wconf 86' lang='lat' dir='ltr'>computationem</span> <span class='ocrx_word' id='word_1_165' title='bbox 534 1431 680 1494; x_wconf 83' lang='lat' dir='ltr'>canonicam,</span> <span class='ocrx_word' id='word_1_166' title='bbox 695 1432 739 1482; x_wconf 87' lang='lat' dir='ltr'>duo</span> <span class='ocrx_word' id='word_1_167' title='bbox 750 1431 829 1482; x_wconf 80' lang='lat' dir='ltr'>iratres</span> <span class='ocrx_word' id='word_1_168' title='bbox 843 1432 944 1486; x_wconf 86' lang='lat' dir='ltr'>attinent</span> 
     </span>
     <span class='ocr_line' id='line_1_19' title="bbox 137 1501 942 1566; baseline 0.002 -12"><span class='ocrx_word' id='word_1_169' title='bbox 137 1503 182 1554; x_wconf 80' lang='lat' dir='ltr'>sint</span> <span class='ocrx_word' id='word_1_170' title='bbox 195 1503 220 1553; x_wconf 92' lang='lat' dir='ltr'>in</span> <span class='ocrx_word' id='word_1_171' title='bbox 236 1504 308 1566; x_wconf 83' lang='lat' dir='ltr'>primo</span> <span class='ocrx_word' id='word_1_172' title='bbox 319 1502 403 1566; x_wconf 85' lang='lat' dir='ltr'>gradu,</span> <span class='ocrx_word' id='word_1_173' title='bbox 417 1502 470 1564; x_wconf 87' lang='lat' dir='ltr'>quia</span> <span class='ocrx_word' id='word_1_174' title='bbox 484 1505 563 1552; x_wconf 88' lang='lat' dir='ltr'>uenter</span> <span class='ocrx_word' id='word_1_175' title='bbox 580 1513 659 1552; x_wconf 85' lang='lat' dir='ltr'>eorum</span> <span class='ocrx_word' id='word_1_176' title='bbox 674 1503 744 1554; x_wconf 87' lang='lat' dir='ltr'>distat</span> <span class='ocrx_word' id='word_1_177' title='bbox 757 1501 942 1556; x_wconf 74' lang='lat' dir='ltr'>aradice‘cem·</span> 
     </span>
     <span class='ocr_line' id='line_1_20' title="bbox 137 1572 945 1637; baseline 0.001 -11"><span class='ocrx_word' id='word_1_178' title='bbox 137 1573 216 1635; x_wconf 82' lang='lat' dir='ltr'>muni,</span> <span class='ocrx_word' id='word_1_179' title='bbox 230 1573 274 1624; x_wconf 88' lang='lat' dir='ltr'>nisi</span> <span class='ocrx_word' id='word_1_180' title='bbox 288 1587 329 1637; x_wconf 90' lang='lat' dir='ltr'>per</span> <span class='ocrx_word' id='word_1_181' title='bbox 346 1586 417 1622; x_wconf 90' lang='lat' dir='ltr'>unum</span> <span class='ocrx_word' id='word_1_182' title='bbox 429 1573 531 1637; x_wconf 85' lang='lat' dir='ltr'>gradum.</span> <span class='ocrx_word' id='word_1_183' title='bbox 547 1572 593 1623; x_wconf 87' lang='lat' dir='ltr'>Sed</span> <span class='ocrx_word' id='word_1_184' title='bbox 605 1573 665 1626; x_wconf 82' lang='lat' dir='ltr'>filius</span> <span class='ocrx_word' id='word_1_185' title='bbox 680 1574 748 1624; x_wconf 86' lang='lat' dir='ltr'>unius</span> <span class='ocrx_word' id='word_1_186' title='bbox 765 1574 859 1624; x_wconf 81' lang='lat' dir='ltr'>fratrum</span> <span class='ocrx_word' id='word_1_187' title='bbox 871 1575 945 1627; x_wconf 86' lang='lat' dir='ltr'>distat</span> 
     </span>
     <span class='ocr_line' id='line_1_21' title="bbox 136 1643 940 1707; baseline 0.002 -9"><span class='ocrx_word' id='word_1_188' title='bbox 136 1645 165 1698; x_wconf 81' lang='lat' dir='ltr'>ab</span> <span class='ocrx_word' id='word_1_189' title='bbox 180 1645 251 1698; x_wconf 89' lang='lat' dir='ltr'>altero</span> <span class='ocrx_word' id='word_1_190' title='bbox 262 1645 367 1696; x_wconf 78' lang='lat' dir='ltr'>snutrein</span> <span class='ocrx_word' id='word_1_191' title='bbox 386 1645 487 1696; x_wconf 88' lang='lat' dir='ltr'>secundo</span> <span class='ocrx_word' id='word_1_192' title='bbox 497 1643 577 1707; x_wconf 85' lang='lat' dir='ltr'>gradu,</span> <span class='ocrx_word' id='word_1_193' title='bbox 595 1644 647 1707; x_wconf 81' lang='lat' dir='ltr'>quia</span> <span class='ocrx_word' id='word_1_194' title='bbox 657 1644 746 1696; x_wconf 74' lang='lat' dir='ltr'>earnm</span> <span class='ocrx_word' id='word_1_195' title='bbox 755 1644 841 1696; x_wconf 83' lang='lat' dir='ltr'>distant</span> <span class='ocrx_word' id='word_1_196' title='bbox 852 1645 940 1700; x_wconf 66' lang='lat' dir='ltr'>aeona⁴</span> 
     </span>
     <span class='ocr_line' id='line_1_22' title="bbox 136 1715 942 1783; baseline 0.002 -15"><span class='ocrx_word' id='word_1_197' title='bbox 136 1719 201 1768; x_wconf 90' lang='lat' dir='ltr'>muni</span> <span class='ocrx_word' id='word_1_198' title='bbox 217 1717 305 1780; x_wconf 82' lang='lat' dir='ltr'>radice3</span> <span class='ocrx_word' id='word_1_199' title='bbox 321 1722 344 1767; x_wconf 88' lang='lat' dir='ltr'>et</span> <span class='ocrx_word' id='word_1_200' title='bbox 356 1719 426 1777; x_wconf 89' lang='lat' dir='ltr'>ideo,</span> <span class='ocrx_word' id='word_1_201' title='bbox 442 1715 565 1768; x_wconf 76' lang='lat' dir='ltr'>secundnm</span> <span class='ocrx_word' id='word_1_202' title='bbox 579 1717 771 1780; x_wconf 83' lang='lat' dir='ltr'>computationem</span> <span class='ocrx_word' id='word_1_203' title='bbox 792 1719 942 1783; x_wconf 80' lang='lat' dir='ltr'>oenomaum,</span> 
     </span>
     <span class='ocr_line' id='line_1_23' title="bbox 137 1786 941 1852; baseline 0.006 -15"><span class='ocrx_word' id='word_1_204' title='bbox 137 1793 207 1852; x_wconf 85' lang='lat' dir='ltr'>quoto</span> <span class='ocrx_word' id='word_1_205' title='bbox 221 1790 292 1850; x_wconf 87' lang='lat' dir='ltr'>gradu</span> <span class='ocrx_word' id='word_1_206' title='bbox 310 1788 379 1838; x_wconf 89' lang='lat' dir='ltr'>distat</span> <span class='ocrx_word' id='word_1_207' title='bbox 397 1786 448 1850; x_wconf 84' lang='lat' dir='ltr'>quis</span> <span class='ocrx_word' id='word_1_208' title='bbox 469 1787 497 1836; x_wconf 90' lang='lat' dir='ltr'>ab</span> <span class='ocrx_word' id='word_1_209' title='bbox 517 1787 592 1850; x_wconf 85' lang='lat' dir='ltr'>aliquo</span> <span class='ocrx_word' id='word_1_210' title='bbox 612 1787 736 1851; x_wconf 85' lang='lat' dir='ltr'>superiori,</span> <span class='ocrx_word' id='word_1_211' title='bbox 753 1791 816 1840; x_wconf 90' lang='lat' dir='ltr'>tanto</span> <span class='ocrx_word' id='word_1_212' title='bbox 833 1789 908 1842; x_wconf 86' lang='lat' dir='ltr'>distat.</span> <span class='ocrx_word' id='word_1_213' title='bbox 926 1791 941 1846; x_wconf 77' lang='lat' dir='ltr'>a</span> 
     </span>
     <span class='ocr_line' id='line_1_24' title="bbox 137 1857 943 1926; baseline 0.006 -18"><span class='ocrx_word' id='word_1_214' title='bbox 137 1857 240 1924; x_wconf 84' lang='lat' dir='ltr'>quotibet</span> <span class='ocrx_word' id='word_1_215' title='bbox 260 1859 445 1910; x_wconf 85' lang='lat' dir='ltr'>descendentium</span> <span class='ocrx_word' id='word_1_216' title='bbox 464 1859 491 1908; x_wconf 87' lang='lat' dir='ltr'>ab</span> <span class='ocrx_word' id='word_1_217' title='bbox 514 1859 577 1921; x_wconf 88' lang='lat' dir='ltr'>ipso,</span> <span class='ocrx_word' id='word_1_218' title='bbox 597 1864 622 1908; x_wconf 92' lang='lat' dir='ltr'>et</span> <span class='ocrx_word' id='word_1_219' title='bbox 646 1873 762 1923; x_wconf 86' lang='lat' dir='ltr'>nunquam</span> <span class='ocrx_word' id='word_1_220' title='bbox 774 1859 867 1922; x_wconf 81' lang='lat' dir='ltr'>minius,</span> <span class='ocrx_word' id='word_1_221' title='bbox 886 1863 943 1926; x_wconf 83' lang='lat' dir='ltr'>quia</span> 
     </span>
     <span class='ocr_line' id='line_1_25' title="bbox 139 1930 938 1996; baseline 0.009 -17"><span class='ocrx_word' id='word_1_222' title='bbox 139 1930 325 1992; x_wconf 80' lang='lat' dir='ltr'>«propterquod</span> <span class='ocrx_word' id='word_1_223' title='bbox 337 1930 513 1992; x_wconf 86' lang='lat' dir='ltr'>unumquodque</span> <span class='ocrx_word' id='word_1_224' title='bbox 526 1930 589 1992; x_wconf 80' lang='lat' dir='ltr'>tare,</span> <span class='ocrx_word' id='word_1_225' title='bbox 601 1934 625 1980; x_wconf 91' lang='lat' dir='ltr'>et</span> <span class='ocrx_word' id='word_1_226' title='bbox 637 1930 694 1982; x_wconf 90' lang='lat' dir='ltr'>iliud</span> <span class='ocrx_word' id='word_1_227' title='bbox 713 1933 785 1995; x_wconf 87' lang='lat' dir='ltr'>magis</span> <span class='ocrx_word' id='word_1_228' title='bbox 801 1935 842 1996; x_wconf 75' lang='grc' dir='ltr'>ι’(</span> <span class='ocrx_word' id='word_1_229' title='bbox 853 1946 882 1983; x_wconf 84' lang='lat' dir='ltr'>ex</span> <span class='ocrx_word' id='word_1_230' title='bbox 896 1934 938 1986; x_wconf 89' lang='lat' dir='ltr'>lib.</span> 
     </span>
     <span class='ocr_line' id='line_1_26' title="bbox 137 1999 940 2064; baseline 0.005 -12"><span class='ocrx_word' id='word_1_231' title='bbox 137 2001 322 2060; x_wconf 82' lang='lat' dir='ltr'>Posteriorum,</span> <span class='ocrx_word' id='word_1_232' title='bbox 335 2003 392 2049; x_wconf 82' lang='lat' dir='ltr'>tent.</span> <span class='ocrx_word' id='word_1_233' title='bbox 413 1999 448 2064; x_wconf 86' lang='grc'>5).</span> <span class='ocrx_word' id='word_1_234' title='bbox 464 2000 542 2062; x_wconf 83' lang='lat' dir='ltr'>Unde,</span> <span class='ocrx_word' id='word_1_235' title='bbox 557 2000 602 2052; x_wconf 83' lang='lat' dir='ltr'>etsi</span> <span class='ocrx_word' id='word_1_236' title='bbox 616 2002 654 2052; x_wconf 88' lang='lat' dir='ltr'>aiii</span> <span class='ocrx_word' id='word_1_237' title='bbox 664 2003 828 2054; x_wconf 82' lang='lat' dir='ltr'>descendentes</span> <span class='ocrx_word' id='word_1_238' title='bbox 845 2004 940 2056; x_wconf 79' lang='lat' dir='ltr'>deom-</span> 
     </span>
     <span class='ocr_line' id='line_1_27' title="bbox 136 2070 941 2140; baseline 0.009 -18"><span class='ocrx_word' id='word_1_239' title='bbox 136 2070 200 2122; x_wconf 84' lang='lat' dir='ltr'>muni</span> <span class='ocrx_word' id='word_1_240' title='bbox 216 2070 328 2135; x_wconf 87' lang='lat' dir='ltr'>principio</span> <span class='ocrx_word' id='word_1_241' title='bbox 342 2071 482 2121; x_wconf 85' lang='lat' dir='ltr'>conveniunt</span> <span class='ocrx_word' id='word_1_242' title='bbox 497 2084 548 2122; x_wconf 89' lang='lat' dir='ltr'>cum</span> <span class='ocrx_word' id='word_1_243' title='bbox 561 2073 637 2136; x_wconf 87' lang='lat' dir='ltr'>aliquo</span> <span class='ocrx_word' id='word_1_244' title='bbox 656 2074 743 2127; x_wconf 86' lang='lat' dir='ltr'>ratione</span> <span class='ocrx_word' id='word_1_245' title='bbox 757 2074 864 2140; x_wconf 89' lang='lat' dir='ltr'>principii</span> <span class='ocrx_word' id='word_1_246' title='bbox 877 2089 941 2128; x_wconf 83' lang='lat' dir='ltr'>com-</span> 
     </span>
     <span class='ocr_line' id='line_1_28' title="bbox 136 2141 940 2207; baseline 0.01 -15"><span class='ocrx_word' id='word_1_247' title='bbox 136 2141 227 2207; x_wconf 89' lang='lat' dir='ltr'>munis,</span> <span class='ocrx_word' id='word_1_248' title='bbox 244 2153 289 2194; x_wconf 90' lang='lat' dir='ltr'>non</span> <span class='ocrx_word' id='word_1_249' title='bbox 304 2146 401 2207; x_wconf 89' lang='lat' dir='ltr'>possunt</span> <span class='ocrx_word' id='word_1_250' title='bbox 415 2142 586 2206; x_wconf 77' lang='lat' dir='ltr'>propinquiores</span> <span class='ocrx_word' id='word_1_251' title='bbox 601 2157 652 2196; x_wconf 86' lang='lat' dir='ltr'>essa</span> <span class='ocrx_word' id='word_1_252' title='bbox 668 2146 831 2196; x_wconf 86' lang='lat' dir='ltr'>descendentes</span> <span class='ocrx_word' id='word_1_253' title='bbox 847 2159 877 2198; x_wconf 82' lang='lat' dir='ltr'>en</span> <span class='ocrx_word' id='word_1_254' title='bbox 893 2147 940 2200; x_wconf 87' lang='lat' dir='ltr'>alia</span> 
     </span>
     <span class='ocr_line' id='line_1_29' title="bbox 136 2212 942 2282; baseline 0.005 -16"><span class='ocrx_word' id='word_1_255' title='bbox 136 2219 211 2279; x_wconf 87' lang='lat' dir='ltr'>parte,</span> <span class='ocrx_word' id='word_1_256' title='bbox 226 2215 294 2280; x_wconf 81' lang='lat' dir='ltr'>quidm</span> <span class='ocrx_word' id='word_1_257' title='bbox 303 2212 333 2264; x_wconf 88' lang='lat' dir='ltr'>sit</span> <span class='ocrx_word' id='word_1_258' title='bbox 342 2213 439 2276; x_wconf 88' lang='lat' dir='ltr'>primum</span> <span class='ocrx_word' id='word_1_259' title='bbox 454 2214 590 2278; x_wconf 83' lang='lat' dir='ltr'>principium</span> <span class='ocrx_word' id='word_1_260' title='bbox 600 2217 621 2266; x_wconf 89' lang='lat' dir='ltr'>ai</span> <span class='ocrx_word' id='word_1_261' title='bbox 636 2217 797 2280; x_wconf 87' lang='lat' dir='ltr'>propinquum.</span> <span class='ocrx_word' id='word_1_262' title='bbox 811 2217 942 2282; x_wconf 71' lang='lat' dir='ltr'>Aliquando</span> 
     </span>
     <span class='ocr_line' id='line_1_30' title="bbox 135 2284 944 2350; baseline 0.005 -14"><span class='ocrx_word' id='word_1_263' title='bbox 135 2289 212 2336; x_wconf 69' lang='lat' dir='ltr'>nmen</span> <span class='ocrx_word' id='word_1_264' title='bbox 229 2287 281 2350; x_wconf 93' lang='lat' dir='ltr'>plus</span> <span class='ocrx_word' id='word_1_265' title='bbox 300 2285 368 2335; x_wconf 90' lang='lat' dir='ltr'>distat</span> <span class='ocrx_word' id='word_1_266' title='bbox 383 2285 465 2348; x_wconf 81' lang='lat' dir='ltr'>aliquis</span> <span class='ocrx_word' id='word_1_267' title='bbox 479 2286 507 2334; x_wconf 86' lang='lat' dir='ltr'>ab</span> <span class='ocrx_word' id='word_1_268' title='bbox 527 2284 603 2350; x_wconf 84' lang='lat' dir='ltr'>aliquo</span> <span class='ocrx_word' id='word_1_269' title='bbox 623 2288 773 2338; x_wconf 86' lang='lat' dir='ltr'>descendente</span> <span class='ocrx_word' id='word_1_270' title='bbox 794 2289 944 2340; x_wconf 81' lang='lat' dir='ltr'>acommuni</span> 
     </span>
     <span class='ocr_line' id='line_1_31' title="bbox 135 2356 942 2423; baseline 0.007 -17"><span class='ocrx_word' id='word_1_271' title='bbox 135 2357 262 2421; x_wconf 86' lang='lat' dir='ltr'>pirucipio,</span> <span class='ocrx_word' id='word_1_272' title='bbox 277 2357 344 2420; x_wconf 79' lang='lat' dir='ltr'>quarn</span> <span class='ocrx_word' id='word_1_273' title='bbox 358 2356 407 2420; x_wconf 88' lang='lat' dir='ltr'>ipse</span> <span class='ocrx_word' id='word_1_274' title='bbox 425 2356 495 2408; x_wconf 91' lang='lat' dir='ltr'>distet</span> <span class='ocrx_word' id='word_1_275' title='bbox 508 2357 521 2407; x_wconf 79' lang='lat' dir='ltr'>a</span> <span class='ocrx_word' id='word_1_276' title='bbox 534 2359 665 2422; x_wconf 88' lang='lat' dir='ltr'>principio,</span> <span class='ocrx_word' id='word_1_277' title='bbox 686 2359 738 2422; x_wconf 89' lang='lat' dir='ltr'>quia</span> <span class='ocrx_word' id='word_1_278' title='bbox 756 2360 793 2409; x_wconf 87' lang='lat' dir='ltr'>ilie</span> <span class='ocrx_word' id='word_1_279' title='bbox 807 2359 866 2412; x_wconf 79' lang='lat' dir='ltr'>torte</span> <span class='ocrx_word' id='word_1_280' title='bbox 886 2361 942 2423; x_wconf 89' lang='lat' dir='ltr'>plus</span> 
     </span>
     <span class='ocr_line' id='line_1_32' title="bbox 136 2427 940 2494; baseline 0.005 -16"><span class='ocrx_word' id='word_1_281' title='bbox 136 2427 206 2478; x_wconf 78' lang='lat' dir='ltr'>distat</span> <span class='ocrx_word' id='word_1_282' title='bbox 214 2429 227 2479; x_wconf 82' lang='lat' dir='ltr'>d</span> <span class='ocrx_word' id='word_1_283' title='bbox 234 2428 348 2480; x_wconf 90' lang='lat' dir='ltr'>communi</span> <span class='ocrx_word' id='word_1_284' title='bbox 355 2427 467 2493; x_wconf 87' lang='lat' dir='ltr'>principio</span> <span class='ocrx_word' id='word_1_285' title='bbox 477 2429 545 2492; x_wconf 79' lang='lat' dir='ltr'>quatur</span> <span class='ocrx_word' id='word_1_286' title='bbox 556 2430 614 2494; x_wconf 77' lang='lat' dir='ltr'>ipse3</span> <span class='ocrx_word' id='word_1_287' title='bbox 624 2435 646 2480; x_wconf 88' lang='lat' dir='ltr'>et</span> <span class='ocrx_word' id='word_1_288' title='bbox 654 2431 778 2480; x_wconf 81' lang='lat' dir='ltr'>secundum</span> <span class='ocrx_word' id='word_1_289' title='bbox 790 2432 940 2482; x_wconf 85' lang='lat' dir='ltr'>remotiorem</span> 
     </span>
     <span class='ocr_line' id='line_1_33' title="bbox 136 2499 773 2566; baseline 0 -14"><span class='ocrx_word' id='word_1_290' title='bbox 136 2499 285 2562; x_wconf 89' lang='lat' dir='ltr'>distantiam,</span> <span class='ocrx_word' id='word_1_291' title='bbox 301 2503 391 2564; x_wconf 90' lang='lat' dir='ltr'>oportet</span> <span class='ocrx_word' id='word_1_292' title='bbox 405 2501 625 2564; x_wconf 80' lang='lat' dir='ltr'>consanguinitatem</span> <span class='ocrx_word' id='word_1_293' title='bbox 638 2502 773 2566; x_wconf 87' lang='lat' dir='ltr'>computari.</span> 
     </span>
    </p>

    <p class='ocr_par' dir='ltr' id='par_1_4' title="bbox 135 2570 941 2845">
     <span class='ocr_line' id='line_1_34' title="bbox 168 2570 941 2637; baseline 0.005 -17"><span class='ocrx_word' id='word_1_294' title='bbox 168 2571 202 2620; x_wconf 81' lang='lat' dir='ltr'>nd</span> <span class='ocrx_word' id='word_1_295' title='bbox 215 2571 313 2635; x_wconf 88' lang='lat' dir='ltr'>primum</span> <span class='ocrx_word' id='word_1_296' title='bbox 330 2583 384 2634; x_wconf 90' lang='lat' dir='ltr'>ergo</span> <span class='ocrx_word' id='word_1_297' title='bbox 402 2570 539 2636; x_wconf 89' lang='lat' dir='ltr'>dicendum,</span> <span class='ocrx_word' id='word_1_298' title='bbox 553 2571 614 2637; x_wconf 82' lang='lat' dir='ltr'>qudd</span> <span class='ocrx_word' id='word_1_299' title='bbox 625 2572 722 2636; x_wconf 88' lang='lat' dir='ltr'>objectio</span> <span class='ocrx_word' id='word_1_300' title='bbox 736 2573 775 2624; x_wconf 88' lang='lat' dir='ltr'>iiia</span> <span class='ocrx_word' id='word_1_301' title='bbox 793 2573 895 2637; x_wconf 86' lang='lat' dir='ltr'>procedit</span> <span class='ocrx_word' id='word_1_302' title='bbox 909 2587 941 2626; x_wconf 84' lang='lat' dir='ltr'>en</span> 
     </span>
     <span class='ocr_line' id='line_1_35' title="bbox 135 2641 941 2709; baseline 0.005 -17"><span class='ocrx_word' id='word_1_303' title='bbox 135 2641 209 2692; x_wconf 79' lang='lat' dir='ltr'>falsis.</span> <span class='ocrx_word' id='word_1_304' title='bbox 233 2643 423 2705; x_wconf 75' lang='lat' dir='ltr'>consanguinitas</span> <span class='ocrx_word' id='word_1_305' title='bbox 446 2643 509 2694; x_wconf 88' lang='lat' dir='ltr'>enim</span> <span class='ocrx_word' id='word_1_306' title='bbox 527 2657 574 2694; x_wconf 89' lang='lat' dir='ltr'>non</span> <span class='ocrx_word' id='word_1_307' title='bbox 596 2645 769 2709; x_wconf 82' lang='lat' dir='ltr'>ostendentia,</span> <span class='ocrx_word' id='word_1_308' title='bbox 789 2644 829 2696; x_wconf 91' lang='lat' dir='ltr'>sed</span> <span class='ocrx_word' id='word_1_309' title='bbox 857 2643 941 2696; x_wconf 78' lang='lat' dir='ltr'>retan&#39;o</span> 
     </span>
     <span class='ocr_line' id='line_1_36' title="bbox 135 2713 941 2780; baseline 0.006 -18"><span class='ocrx_word' id='word_1_310' title='bbox 135 2713 238 2776; x_wconf 82' lang='lat' dir='ltr'>quadam</span> <span class='ocrx_word' id='word_1_311' title='bbox 257 2713 381 2774; x_wconf 81' lang='lat' dir='ltr'>aliquarum</span> <span class='ocrx_word' id='word_1_312' title='bbox 399 2726 545 2777; x_wconf 88' lang='lat' dir='ltr'>personarum</span> <span class='ocrx_word' id='word_1_313' title='bbox 556 2716 585 2765; x_wconf 90' lang='lat' dir='ltr'>ad</span> <span class='ocrx_word' id='word_1_314' title='bbox 600 2715 707 2780; x_wconf 80' lang='lat' dir='ltr'>inuicem,</span> <span class='ocrx_word' id='word_1_315' title='bbox 722 2729 816 2779; x_wconf 87' lang='lat' dir='ltr'>quarum</span> <span class='ocrx_word' id='word_1_316' title='bbox 832 2715 941 2768; x_wconf 84' lang='lat' dir='ltr'>collectio</span> 
     </span>
     <span class='ocr_line' id='line_1_37' title="bbox 135 2781 513 2845; baseline -0.003 -13"><span class='ocrx_word' id='word_1_317' title='bbox 135 2781 219 2834; x_wconf 76' lang='lat' dir='ltr'>lineam</span> <span class='ocrx_word' id='word_1_318' title='bbox 235 2783 437 2845; x_wconf 78' lang='lat' dir='ltr'>consanguinitatis</span> <span class='ocrx_word' id='word_1_319' title='bbox 449 2783 513 2834; x_wconf 81' lang='lat' dir='ltr'>fauit.</span> 
     </span>
    </p>

    <p class='ocr_par' dir='ltr' id='par_1_5' title="bbox 136 2853 945 2993">
     <span class='ocr_line' id='line_1_38' title="bbox 168 2853 944 2918; baseline 0.003 -12"><span class='ocrx_word' id='word_1_320' title='bbox 168 2856 200 2906; x_wconf 78' lang='lat' dir='ltr'>Ad</span> <span class='ocrx_word' id='word_1_321' title='bbox 232 2855 358 2905; x_wconf 85' lang='lat' dir='ltr'>secundum</span> <span class='ocrx_word' id='word_1_322' title='bbox 381 2856 518 2917; x_wconf 89' lang='lat' dir='ltr'>dicendum,</span> <span class='ocrx_word' id='word_1_323' title='bbox 542 2853 604 2918; x_wconf 82' lang='lat' dir='ltr'>quod</span> <span class='ocrx_word' id='word_1_324' title='bbox 635 2857 757 2908; x_wconf 79' lang='lat' dir='ltr'>descensus</span> <span class='ocrx_word' id='word_1_325' title='bbox 788 2856 944 2909; x_wconf 79' lang='lat' dir='ltr'>communiter</span> 
     </span>
     <span class='ocr_line' id='line_1_39' title="bbox 136 2925 945 2993; baseline 0.004 -15"><span class='ocrx_word' id='word_1_326' title='bbox 136 2929 242 2990; x_wconf 78' lang='lat' dir='ltr'>sumptus</span> <span class='ocrx_word' id='word_1_327' title='bbox 265 2925 390 2978; x_wconf 85' lang='lat' dir='ltr'>attenditur</span> <span class='ocrx_word' id='word_1_328' title='bbox 406 2925 533 2978; x_wconf 81' lang='lat' dir='ltr'>secundina</span> <span class='ocrx_word' id='word_1_329' title='bbox 549 2927 671 2991; x_wconf 83' lang='lat' dir='ltr'>quamlibet</span> <span class='ocrx_word' id='word_1_330' title='bbox 686 2929 893 2993; x_wconf 82' lang='lat' dir='ltr'>comanguinitutis</span> <span class='ocrx_word' id='word_1_331' title='bbox 908 2927 945 2981; x_wconf 59' lang='lat' dir='ltr'>n.</span> 
     </span>
    </p>
   </div>
   <div class='ocr_carea' id='block_1_4' title="bbox 0 0 1018 3304">
    <p class='ocr_par' dir='ltr' id='par_1_6' title="bbox 0 0 1018 3304">
     <span class='ocr_line' id='line_1_40' title="bbox 0 0 1018 3304; baseline 0 1"><span class='ocrx_word' id='word_1_332' title='bbox 0 0 1018 3304; x_wconf 95' lang='lat' dir='ltr'> </span> 
     </span>
    </p>
   </div>
  </div>
 </body>
</html>
