2024 3328
146 123 193 170 tit
282 128 481 180 annumerantur,
500 130 594 175 onaan.
613 127 686 181 arur,
704 131 759 168 aar.
776 123 811 167 tu.

148 207 244 272 impedit
262 205 380 256 carnalem
392 205 512 269 copulam,
526 219 577 270 qne
590 217 637 258 nou
656 205 778 272 impeditur
797 219 839 271 per
852 203 953 257 iuriam.

147 279 206 341 Ergo
220 290 263 328 nee
279 275 458 326 matrimonium.

178 354 201 398 a.
218 351 327 400 Praeterea
338 386 345 409 ,
356 347 524 399 matrimonium
543 360 591 400 nou
607 347 720 400 dirimitur
736 348 782 400 uini
795 360 837 412 per
854 348 954 417 aliquod

146 420 336 484 impmimauium
345 421 491 484 perpetuum.
499 419 545 470 Sed
559 419 587 470 de
597 418 711 470 iudanon
721 421 798 483 puteat
808 418 952 470 aeirimrdm

145 492 174 542 rit
184 491 373 554 impedimentum
387 495 532 555 perpetuum.
540 492 600 555 Ergo
611 503 659 542 non
669 490 755 541 dirimit
764 491 950 542 matrimonium.

177 565 200 612 t.
219 564 344 622 Praeterea,
362 561 386 611 in
410 561 515 612 verinus
540 560 607 625 eupri
626 561 692 612 dictio
714 561 854 613 autdeienter
871 564 952 613 eonti-

146 637 229 684 nentur
245 631 407 697 impedimenti
427 631 575 696 impedientia
596 631 773 684 matrimonium.
788 633 833 683 Sed
847 633 881 682 ibi
902 646 954 684 non

147 705 173 754 iit
186 703 271 754 mentio
282 703 310 754 da
330 702 397 754 iuria.
413 702 482 766 timo,
496 707 541 754 eta.

177 777 220 828 Sed
242 779 337 839 coutm,
354 774 406 838 plus
426 773 486 824 toltit
508 774 603 826 rationis
626 787 693 826 urum
713 775 771 826 iuria
791 774 858 840 quim
874 787 952 826 error.

148 847 194 898 sed
209 859 271 897 armr
290 845 386 910 impedit
399 844 575 896 matrimonium.
589 846 650 910 Ergo
664 849 687 896 et
700 846 767 896 turia.

178 919 308 980 preterea,
322 915 401 968 induri
414 927 460 967 non
477 919 532 967 eunt
548 915 624 968 idonei
644 919 672 970 ad
694 917 793 983 aliquam
809 921 954 969 eontraotum

147 989 286 1040 iaciendum.
294 987 338 1038 sad
349 986 517 1038 matrimonium
528 990 564 1038 eet
574 990 700 1040 contractor
710 988 810 1052 quidam.
821 989 889 1053 Ergo,
900 991 951 1039 ete.

180 1061 379 1124 (Coranusro.·-
389 1058 447 1110 cim
456 1071 582 1110 consensus
595 1060 624 1109 ad
637 1059 806 1110 matrimonium
821 1059 953 1124 requiritur

147 1131 188 1182 uhi
209 1130 274 1181 deest
291 1131 385 1183 rationis
400 1143 456 1181 unus
476 1142 527 1182 essa
540 1142 586 1181 non
597 1129 682 1194 poenit,
697 1129 755 1180 iuria
768 1131 901 1194 prmeedeua
914 1131 954 1194 (ai

83 1203 88 1212 “
149 1200 248 1252 furiosus
268 1201 342 1253 lueida
362 1200 479 1253 interualla
503 1214 549 1252 non
571 1202 690 1266 habeat),
706 1199 873 1252 matrimonium
895 1201 955 1251 diri-

149 1272 206 1335 mit;
223 1284 322 1337 sequens
338 1271 392 1324 reri
407 1272 466 1322 iuria
480 1271 535 1323 iliud
548 1273 677 1324 nuttateuua
690 1272 799 1335 dirimit.)

178 1345 315 1408 Respondet
325 1343 456 1405 dimotum,
463 1343 528 1408 quod
536 1343 595 1394 iuria
603 1349 643 1394 aut
653 1343 759 1408 premdit
770 1342 951 1402 matrimonium,

149 1419 189 1464 aut
206 1414 316 1478 requitur.
337 1414 361 1464 si
380 1415 498 1478 nequitur,
508 1415 570 1466 nullo
582 1416 650 1466 modo
663 1415 751 1465 dirimit
762 1414 853 1478 ipsum3
870 1413 890 1463 ai
905 1427 949 1464 aur-

149 1493 195 1538 tem
210 1487 326 1550 precedit,
339 1489 395 1536 tuno
412 1490 452 1536 aut
465 1486 566 1538 furiosus
582 1487 651 1537 habet
667 1484 741 1538 lueida
761 1486 897 1547 intervalia,
912 1493 955 1538 aut

150 1571 197 1610 nou
218 1558 286 1608 nabat
302 1572 309 1607 ι
325 1557 345 1608 si
360 1557 442 1620 nabet,
454 1562 523 1622 tuno,
537 1559 641 1622 quamvis
658 1558 710 1608 duur
731 1561 766 1608 ert
778 1555 803 1606 in
815 1557 855 1606 iiio
875 1557 955 1608 inter-

148 1628 225 1693 uallo,
238 1641 283 1680 nou
294 1628 324 1681 ait
335 1633 408 1680 tutum
419 1629 481 1693 quod
497 1628 666 1680 matrimonium
682 1630 816 1692 eanimuat,
831 1627 885 1692 quia
898 1641 956 1678 nas-

150 1701 208 1751 oirot
218 1700 304 1764 prolem
318 1700 514 1762 educare,tamen
523 1736 532 1763 ‚
541 1699 695 1762 sioontrahii‚
709 1704 746 1750 ert
765 1697 951 1762 matrimonium3

150 1771 171 1822 si
191 1776 267 1822 antam
277 1783 323 1822 nou
332 1771 410 1831 habet,
421 1771 459 1822 rel
467 1771 487 1821 ai
498 1771 589 1834 quaudo
600 1771 739 1832 nonhabet,
752 1769 951 1832 contraditum,

150 1841 261 1906 quianon
279 1844 355 1904 potem
372 1853 424 1892 mae
437 1854 564 1892 cousensus
577 1842 615 1891 ubi
634 1843 699 1892 deert
711 1840 807 1892 rationis
819 1853 888 1901 naun,
906 1853 954 1892 uon

151 1912 194 1963 erit
206 1923 285 1962 rerum
300 1911 476 1963 matrimonium.

183 1984 215 2032 nd
225 1981 322 2046 primum
330 1995 385 2046 ergo
399 1983 535 2046 dioeudnm,
550 1982 609 2048 quod
625 1997 682 2036 nsua
690 1982 787 2036 rationis
796 1997 843 2036 nou
851 1983 956 2047 eripitur

151 2056 179 2108 ad
188 2055 325 2120 baptismum
341 2053 406 2118 quasi
421 2055 588 2120 enutrimini,
605 2057 664 2106 aiout
675 2057 774 2120 exigitur
785 2057 812 2108 ad
834 2056 955 2108 mimimo·

152 2127 227 2178 nium.
241 2126 270 2176 Ei
285 2126 338 2177 idea
347 2137 394 2176 non
410 2129 446 2176 eat
460 2126 543 2176 nimitia
557 2126 624 2179 ratio.
637 2128 721 2180 'damen
741 2129 769 2179 de
784 2128 897 2192 baptismo
913 2127 952 2177 iu·

150 2197 261 2250 riosorum
276 2197 362 2248 dictum
383 2200 418 2248 est
431 2197 508 2262 sopri.

184 2269 217 2321 ad
236 2267 360 2320 seeundum
371 2267 505 2328 dicendum,
525 2267 586 2332 quid
599 2269 657 2320 iuria
674 2268 771 2335 impedit
783 2268 953 2320 matrimonium

149 2341 237 2392 ratione
252 2352 300 2392 eum
313 2351 398 2403 enum,
410 2353 461 2404 qua
480 2343 516 2391 est
530 2353 672 2404 cousensus,
687 2339 792 2406 quamvis
804 2353 850 2390 uon
864 2341 954 2393 ratione

151 2411 232 2475 actia,
247 2415 273 2462 ut
285 2410 408 2476 ruritius.
429 2410 474 2462 Sed
489 2415 564 2462 tameo
578 2411 646 2462 simut
658 2425 710 2462 eum
726 2411 852 2473 frigiditate
867 2409 953 2473 idagia·

149 2486 184 2532 ter
200 2482 228 2532 de
241 2493 268 2531 ea
282 2481 418 2532 determinat
432 2481 489 2546 (lv.
500 2483 582 2542 sura,
591 2481 644 2534 dist.
653 2485 683 2532 tt
692 2482 711 2545 t,
721 2480 775 2546 quia
787 2484 906 2544 utrumque
916 2486 952 2533 eat

148 2553 241 2618 quidam
256 2556 343 2604 uatum
354 2551 466 2604 deieutua.

184 2623 216 2674 ad
230 2623 322 2674 tertium
338 2623 458 2676 dioeudum
469 2663 476 2688 ,
489 2624 548 2691 quid
566 2628 747 2676 momentaneum
760 2623 950 2688 impedimentum

149 2696 208 2760 quod
220 2705 311 2746 eausam
329 2694 481 2761 matrimonii,
498 2697 587 2749 seilicet
599 2708 745 2756 eonsensum,
756 2695 863 2760 impedit,
876 2697 952 2745 matri·

150 2765 252 2818 monium
262 2765 360 2816 totaliter
373 2767 442 2819 tollit.
457 2770 501 2822 sed
522 2769 711 2832 impedimentum
728 2767 789 2831 quod
801 2766 896 2831 impedit
914 2779 951 2817 ac·

150 2845 208 2902 tum,
222 2841 369 2902 oportetesaa
381 2843 526 2904 perpetuum,
539 2840 569 2893 ad
579 2841 622 2891 true
632 2837 693 2903 qudd
701 2837 871 2892 matrimonium
878 2837 950 2889 tottat.
