1954 3314
184 179 214 218 ΒΕ
230 176 372 218 connivens
387 174 593 215 RESUSCITATORU!
608 177 632 214 nit
648 175 748 216 toeneio.
805 167 849 211 it‘i

44 263 155 316 cemus,
172 257 210 305 est
227 252 402 304 coaetaneum
420 263 475 310 ergo
491 252 517 302 in
540 251 624 302 sanctis
639 250 809 314 resurgentibus
826 252 859 302 sit

43 323 168 386 neriecte
190 321 305 384 chorites,
317 321 415 374 maxime
429 323 457 372 cie
475 321 574 384 peccetis
593 321 714 384 dolebunt,
728 321 749 371 si
767 335 794 371 eu
812 321 856 371 iilis

45 395 78 445 ad
97 393 244 445 memoriam
257 393 427 446 revocabuntur.
441 393 503 452 Quod
513 405 559 444 non
571 395 647 455 potest
659 403 722 452 essm
734 392 785 455 qnia
798 408 812 438 <r
821 393 856 441 in·

44 465 102 528 giei
117 465 154 515 ab
173 465 207 516 eis
225 463 289 515 cioicr
305 467 328 514 et
345 463 457 528 gemitus,
467 479 481 510 n
492 463 607 526 Aperui„
623 461 683 513 xxi.
696 462 753 524 Ergo
766 461 855 526 propriu

45 538 159 599 peccata
172 533 208 584 eis
218 533 247 583 ud
264 533 392 585 memoriam
406 545 451 583 non
463 533 637 584 revocabuntur.
898 531 901 592 ἶ

81 608 111 656 4.
124 607 261 663 Praeterea,
270 603 330 655 sieut
340 603 489 654 rehabebunt
498 605 640 665 resurgentes
649 602 747 655 damnati
759 602 787 653 ad
795 602 856 652 bona

43 688 105 740 qnae
121 675 249 740 aliqnando
263 674 379 734 iecemnt3
389 673 422 724 ita
436 685 461 724 se
477 673 591 725 nabebunt
601 677 745 738 resurgentes
757 672 818 723 beati
827 671 855 722 aci

43 749 157 812 peecata
166 757 217 809 qne
225 743 345 808 aiiqnuncio
356 742 526 794 commiserunt.
534 743 577 794 Sed
585 747 731 806 resurgentes
743 742 855 805 damnati,

43 820 76 867 nt
98 815 213 876 uidetur,
228 813 380 878 cognitionem
397 813 426 864 de
443 812 509 864 bonis
526 825 576 877 qne
595 812 715 878 aliqnando
737 813 854 875 iecerunt,
900 823 903 850 ¹

44 899 102 940 non
123 887 259 948 briennum
273 884 327 948 qnia
346 897 389 948 per
406 885 450 934 irco
469 895 547 935 eornm
560 895 627 947 poena
645 883 741 936 urritnm
758 883 854 935 alienia·
900 931 903 939 ,

44 961 132 1008 retur.
152 959 215 1022 Ergo
228 967 271 1008 nec
280 956 341 1009 boeti
354 954 469 1009 moenum
480 954 631 1018 coguitionem
644 957 787 1018 peccatorem
801 968 853 1018 qnae
902 957 904 963 '

46 1028 236 1079 commiscum
368 1039 370 1044 ·

83 1099 140 1150 Sed
153 1101 232 1162 contra
244 1100 292 1160 est,
305 1097 365 1161 qnod
382 1095 520 1159 eognminns
530 1095 584 1147 ‹lioit
595 1096 646 1147 xii.
658 1097 693 1146 De
705 1096 783 1146 cinit.
796 1096 853 1154 Dei,

46 1167 124 1233 qnod·
138 1167 402 1232 commonuimus
416 1165 503 1234 aierit,
515 1177 561 1229 qne
573 1165 614 1218 iiet
622 1169 648 1216 nt
663 1169 744 1217 concta
756 1169 854 1229 ocream

1 1305 2 1308 Ἴ
48 1237 83 1290 ad
98 1237 238 1290 memorien
250 1238 422 1288 reuocentur.»
859 1275 860 1282 ,

86 1309 219 1369 Preterea,
229 1307 321 1358 sic-niso
332 1307 528 1360 nabethnmrnnm
540 1305 652 1371 indicium
659 1305 687 1357 ad
698 1303 858 1356 testimoninm

2 1389 3 1392 ’
50 1379 177 1443 exterius,
186 1379 220 1430 itn
234 1379 340 1430 sehabet
352 1378 453 1430 diuinum
468 1375 578 1442 indicium
590 1377 618 1429 ari
630 1375 788 1430 testimonium
797 1387 851 1426 con-

52 1451 222 1512 scientium
232 1455 296 1514 patet
309 1450 329 1498 1.
344 1451 413 1514 iieq„
425 1450 475 1500 iiiii
493 1464 499 1500 z
519 1465 533 1498 cr
545 1450 617 1500 Homo
634 1447 697 1500 uidet
708 1461 736 1500 ea
749 1460 800 1510 qnae
810 1460 852 1512 pn·

1 1575 2 1578 ,
52 1527 127 1580 rente
140 1521 333 1572 uominmontem
341 1519 440 1571 intuetur
449 1531 497 1570 cor.
509 1537 523 1566 n
534 1519 577 1571 Soti
586 1532 631 1572 non
641 1523 719 1582 nosset
728 1518 856 1582 perfectum

1 1589 3 1650 j
50 1591 174 1656 judiciem
186 1593 309 1642 humanum
325 1603 375 1642 esse
386 1591 413 1641 tie
429 1591 513 1654 aliquo,
524 1591 569 1642 nisi
580 1594 650 1642 testes
662 1591 690 1642 cie
705 1589 811 1642 omnibns
824 1590 855 1640 de

1 1665 2 1674 ¹
53 1661 145 1727 quitus
152 1660 300 1726 indicendum
312 1661 517 1722 eet,teatimoninrn
530 1662 677 1724 deponerent.
687 1659 850 1722 Ergoopcrtct

1 1739 2 1744 ’
53 1733 115 1784 enm
138 1733 241 1783 diuinum
252 1731 362 1796 iudicium
375 1731 406 1781 sit
418 1730 620 1794 periectissimnm
635 1728 696 1792 quod
714 1729 852 1780 conscientie

54 1807 140 1857 teneat
153 1802 231 1854 omnia
243 1803 271 1854 ee
284 1801 365 1866 unibus
376 1800 521 1864 indicandum
536 1804 580 1852 est.
595 1800 637 1851 Sed
648 1799 794 1863 indicendum
808 1799 851 1850 erit

56 1876 89 1928 oe
101 1873 214 1926 omninno
224 1871 402 1936 honisoperiins
412 1875 435 1921 et
445 1870 558 1933 molisii.
568 1870 639 1930 Cor„
652 1870 667 1918 v
679 1885 685 1920 :
697 1871 801 1922 ‹rttmnes
810 1885 851 1922 nos

56 1943 205 1996 maniiestnri
225 1938 313 2006 oporiet
328 1947 381 1994 ente
400 1941 498 1994 tribunal
518 1939 619 2003 Christi,
632 1943 659 1992 nt
678 1941 761 1994 reieret
781 1955 851 1992 nnnc·
883 1981 887 1984 .

57 2016 159 2080 numum
173 2015 262 2080 omnnio
279 2014 380 2079 corporis
399 2017 466 2078 prout
479 2013 562 2076 cessit,
580 2012 629 2064 siro
644 2013 727 2064 bonnm
740 2012 789 2062 sire
802 2024 851 2062 ma-

57 2087 119 2138 ium.
134 2101 148 2134 n
167 2084 227 2147 ergo
239 2087 327 2148 oportet
339 2083 400 2146 quoe
412 2084 550 2135 conscientie
566 2081 743 2146 uniuscnjusque
755 2080 852 2134 retineat

59 2158 140 2209 omniu
153 2165 220 2221 onem
231 2167 284 2219 une
295 2155 362 2218 iecit,
376 2155 430 2206 sine.
438 2155 511 2217 bona,
520 2153 569 2206 sire
582 2154 648 2204 maia.
899 2162 902 2166 ·

95 2230 297 2296 (conuenere-
309 2226 367 2276 cnm
377 2225 401 2274 in
417 2224 453 2276 die
467 2224 548 2288 judicii
561 2237 603 2276 sne
620 2222 703 2286 cuique
713 2221 851 2274 conscientie
899 2233 900 2238 ¹

60 2299 218 2352 testimoninm
226 2295 281 2347 vitea?
294 2296 405 2348 redditura
416 2295 455 2356 sit,
466 2300 490 2346 et
502 2294 652 2358 cogitationes
668 2303 851 2356 unumquemque
899 2297 901 2301 ’

61 2371 200 2424 aecnsatnro
214 2369 253 2416 ent
265 2366 390 2418 deiensnre
407 2365 470 2430 sint,
483 2369 506 2416 et
523 2364 599 2416 omnin
616 2375 685 2428 opem
696 2361 814 2414 hominurn
826 2361 850 2412 in

58 2439 173 2505 judicium
191 2436 239 2492 sint
256 2439 366 2497 uentura,
377 2438 466 2502 oportet
482 2441 508 2486 nt
525 2435 622 2500 quisque
641 2431 743 2486 omninno
757 2443 851 2496 opernm

61 2521 153 2561 snorum
167 2507 270 2558 notitiam
283 2505 391 2569 hebeat.)

93 2578 229 2642 Respondeo
241 2575 372 2637 dicendum,
384 2573 443 2640 qnod
455 2576 514 2626 sient
527 2573 609 2626 dicitm
621 2573 740 2636 inomni,
753 2571 804 2624 cin
813 2573 851 2626 die

1 2667 2 2670 ¹
62 2650 100 2701 iiia
116 2661 168 2698 con
180 2646 290 2711 jureiccirit
302 2649 422 2708 Dominus,
432 2643 585 2698 testimoninm
600 2643 725 2708 unicuique
742 2656 783 2696 sna
795 2657 851 2694 con-

63 2718 156 2772 scientia
170 2717 257 2778 reniet,
266 2719 290 2766 et
301 2716 449 2778 cogitationes
462 2717 714 2777 montemorenci
725 2713 849 2765 detenden-

65 2793 107 2840 ieo.
120 2805 135 2836 n
149 2785 245 2856 iitqnie
255 2790 344 2850 oportet
355 2786 414 2848 unte
429 2785 510 2848 tostis,
526 2789 650 2848 accusator,
667 2783 849 2845 eiectamenta

66 2859 166 2927 nathinei
173 2855 275 2923 indicio,
284 2855 382 2913 habeant
392 2869 469 2909 eornm
485 2855 653 2921 notitiamque
665 2853 787 2918 injudicio
800 2865 850 2904 ncr-
