1924 3322
204 227 355 290 nn'nnnrrruo
370 252 386 288 n
403 251 451 295 ouo
467 249 678 290 uneunnucnronrs.
797 243 842 292 itt

69 325 212 389 Respondeo
226 326 357 388 dicendum,
370 327 430 392 qubd
440 327 463 376 in
476 327 642 404 resurrectione
653 327 736 392 reliquid
748 328 786 379 liet
800 330 846 379 ml·

40 394 134 446 nisterio
151 397 296 460 angelorum,
308 401 336 448 et
353 397 438 461 aliquid
456 399 540 449 virtute
559 397 636 449 divlnd
657 399 801 463 immediate,
817 401 845 449 ut

40 465 124 516 dictum
143 470 190 517 est.
204 469 261 518 lllud
282 482 336 532 ergo
354 470 413 532 quod
433 471 472 520 liet
490 469 616 520 ministerio
636 469 781 532 angelorum,
798 483 844 520 non

37 534 79 586 erit
92 536 117 586 in
132 536 248 600 instanti,
262 539 283 588 si
296 541 390 590 instans
407 539 494 590 dicetur
509 539 648 591 indivisibile
662 539 785 604 temporie3
801 541 845 590 erit

37 608 155 661 tamenin
173 608 286 672 instanti,
300 610 321 663 ei
341 612 438 660 instans
453 610 578 674 accipiatur
587 625 628 676 pro
641 614 743 677 tempure
757 611 845 676 imper·

38 678 146 741 ceptibtli.
158 681 217 732 lllud
232 685 307 732 eutem
326 683 390 745 quod
406 682 445 732 det
458 682 541 731 uirtute
558 681 633 732 divini
647 683 778 734 immediate
789 721 795 745 ‚
806 683 845 734 fiet

38 749 128 813 subito,
140 751 231 804 scilicet
244 753 268 802 in
280 754 376 804 termino
391 754 503 819 temporis
517 767 562 817 quo
574 755 705 818 angelorum
718 769 776 819 opus
785 769 846 807 com·

37 821 148 884 plebiturr
163 823 219 888 quio
230 824 303 874 virtus
319 825 425 888 superior
439 823 569 875 interiorem
585 826 614 876 ad
627 827 790 890 perlectionem
804 828 846 877 ed-

40 891 108 942 ducit.
720 923 722 929 ,

67 963 225 1029 ddprlrnum
241 979 294 1030 crgo
312 965 446 1029 dicendum,
461 966 521 1030 qrrbd
539 965 646 1017 Ezechiel
660 969 792 1032 loquebatur
803 983 847 1034 po·

38 1031 91 1096 pulo
104 1037 178 1100 rudi,
193 1037 253 1089 sicut
266 1038 400 1102 cullopses.
413 1039 478 1090 Unde
492 1039 549 1088 sieut
568 1041 642 1090 lloses
655 1040 761 1090 distinxit
777 1053 844 1105 opero

38 1117 77 1156 sex
89 1106 185 1158 dierum
199 1120 239 1173 por
252 1108 314 1170 dies,
324 1113 349 1158 ul
359 1109 421 1161 rudis
432 1111 534 1174 populun
543 1123 624 1174 capere
637 1115 727 1175 posset,
740 1113 847 1174 queunte

39 1180 115 1229 omnia
136 1179 208 1230 simul
230 1181 277 1231 sint
289 1181 349 1232 iectu
367 1181 493 1232 secumdirm
512 1181 678 1244 luprstinunr,
693 1181 725 1232 ite
740 1185 845 1236 Ezechiel

37 1249 129 1302 diumea
150 1265 203 1314 que
217 1252 240 1301 in
251 1254 415 1304 resurrectione
429 1254 505 1303 lutura
519 1258 587 1317 subt,
605 1255 730 1318 expressit,
741 1255 849 1318 quamvis

38 1323 115 1373 omnia
133 1323 205 1374 simul
220 1325 266 1374 nint
280 1325 356 1375 lutura
368 1325 393 1374 iu
403 1325 505 1376 instanti.
814 1357 817 1366 ·

66 1394 103 1444 nd
126 1396 254 1448 secundun
278 1387 413 1456 dicendum,
430 1397 490 1460 qubd
507 1395 612 1460 quemvis
628 1396 674 1448 illae
697 1397 846 1461 operationes

37 1464 82 1514 nint
96 1480 123 1517 se
139 1467 240 1518 invicem
255 1472 420 1535 consequentes
436 1469 531 1530 retunt,
545 1473 598 1519 sunt
608 1473 686 1520 tamen
703 1468 770 1519 simul
781 1473 848 1520 tem-v

37 1547 108 1601 poro;
122 1537 181 1602 quin
192 1541 229 1590 vel
242 1541 330 1591 suntin
342 1542 422 1594 eodem
435 1539 530 1591 instanti
540 1575 547 1600 ‚
556 1541 593 1590 bel
606 1553 652 1590 una
664 1545 699 1590 est
712 1541 737 1590 in
750 1541 847 1592 instanti

38 1607 65 1658 ed
80 1611 147 1672 prod
161 1610 206 1660 elin
220 1612 362 1662 terminetur.

68 1681 104 1730 ld
118 1682 214 1732 tertium
233 1683 370 1745 dicendum,
385 1682 445 1747 qudd
462 1683 524 1734 idern
546 1683 637 1733 videtur
657 1695 708 1734 esse
722 1682 845 1734 dicendum

40 1748 67 1799 de
78 1764 138 1804 sono
154 1751 194 1816 illo
204 1756 229 1804 et
241 1755 357 1805 deformis
370 1758 579 1814 sacramentorum,
593 1752 681 1804 scilicet
694 1753 756 1818 qubd
769 1753 794 1804 iu
808 1755 845 1804 ul·

39 1819 94 1873 timo
109 1823 208 1874 instanti
220 1837 290 1876 sonus
305 1825 411 1876 effectum
424 1837 491 1875 suum
505 1825 606 1876 babebit.

72 1895 106 1944 nd
119 1899 228 1958 minutum
242 1897 372 1956 dicendum,
386 1897 443 1960 qubd
457 1895 601 1961 conpcgutio
615 1897 716 1948 cinerum
730 1911 781 1961 quoe
793 1897 846 1948 sine

42 1968 104 2015 motu
117 1965 187 2017 locali
201 1979 253 2018 eene
270 1979 317 2018 non
337 1971 426 2032 potest,
443 1967 481 2019 liet
496 1968 622 2019 ministerio
639 1967 770 2032 en'gelorum
793 1985 799 2018 :
818 1973 845 2018 et

41 2033 91 2088 ideo
105 2038 151 2088 erit
166 2037 325 2103 intempore,
340 2040 387 2090 ced¹
397 2039 586 2104 imperceptibili,
601 2045 694 2105 propter
713 2038 848 2090 facilitatem

42 2107 150 2170 operandi
164 2121 217 2171 qun
230 2109 338 2173 competit
352 2111 450 2174 angelis.

289 2431 599 2530 ouusrronrinx.
672 2419 674 2424 ’

97 2602 134 2648 Dc
147 2603 251 2650 leontino
265 2615 279 2648 c
292 2615 340 2660 quo
349 2604 552 2658 recorrectionis,
567 2604 596 2650 io
610 2605 659 2648 trec
672 2602 792 2648 articulet

400 2674 490 2720 diviso.

74 2820 161 2872 Deinde
171 2820 359 2872 considerandum
372 2826 407 2873 eet
418 2823 446 2874 de
457 2821 557 2872 termino
569 2823 586 2872 ὰ
600 2833 649 2885 poc
662 2821 844 2874 resurrectionis.

75 2892 140 2944 Circe
154 2891 215 2962 qnod
229 2897 359 2956 quaenrntur
371 2893 415 2944 trio
433 2909 440 2944 :
456 2896 485 2942 t⁰¹
494 2892 573 2944 Utrirm
588 2907 648 2944 mors
663 2893 693 2944 eit
703 2893 848 2944 terminus&

47 2978 94 3028 quo
111 2963 284 3015 resurrectionis
301 2965 326 3014 in
340 2965 453 3016 omnibus.
469 2969 496 3014 2⁰
510 2965 590 3016 tllrdm
604 2965 694 3017 cineres
708 2964 746 3016 vel
765 2965 801 3028 pr'
