1924 3322
185 143 217 180 na
232 143 416 182 coanrrrorunus
434 147 635 198 ansuaoanrunrr,
653 148 705 185 aru.
801 139 849 186 tar

37 219 207 268 «resurrectio
218 227 253 270 est
267 212 393 283 ejuslquod
404 220 501 284 cecidit,
517 223 617 272 secunda
636 223 756 274 surrectio.
772 239 786 271 n
800 225 847 275 sed

35 288 77 340 boc
93 303 184 353 corpus
197 291 257 353 quod
266 305 328 342 uurrc
341 291 449 354 gerimus,
457 307 498 356 per
508 299 605 344 mortem
615 294 704 346 cecidit.
717 295 776 358 Ergo
786 295 847 345 idem

36 372 135 412 numero
147 367 308 425 resurget.

65 431 239 494 (Coaennsro
246 459 278 472 -
289 433 346 484 Clam
355 434 492 486 resurrectio
507 435 553 486 dici
568 449 616 488 nou
624 435 698 517 possit
710 436 755 486 uisi
769 436 847 487 anima

34 502 63 552 ad
80 502 148 556 idem
166 517 251 569 corpus
265 506 357 568 redeat,
374 504 399 554 in
411 506 576 596 resurrectione
592 507 668 557 anima
681 506 742 558 idem
753 518 849 557 numero

34 573 121 638 terpus
132 576 265 638 resumet.)

64 645 211 712 despondeo
219 649 341 700 dicendum
343 647 450 710 ,qubd'
430 661 489 698 circa
501 650 560 698 banc
571 650 721 713 qnaesdonero
735 652 759 700 et
771 649 847 712 pbilo-

30 718 98 800 sophi
111 725 266 783 erraverunt,
282 725 308 772 et
318 721 410 785 quidam
420 720 523 771 baeretici
535 723 639 772 moderni
653 727 737 772 errant.
750 719 808 780 Quid
810 735 847 772 am

33 790 94 840 enim
102 793 243 857 philosophi
256 795 325 858 (apud
339 794 495 854 Aristotelem,
504 793 570 842 libll
582 795 617 844 De
628 796 725 850 ocimo,
734 799 792 844 tent.
805 793 846 857 77)

32 867 165 923 posuerunt
177 865 265 914 animas
275 865 288 914 d
299 877 392 928 corpore
413 869 530 929 separatas
542 864 625 914 iteratd
642 867 774 929 corporibus
791 877 847 916 coa·

31 933 117 997 jaugi3
135 935 179 986 sed
201 937 306 986 errabant
324 935 351 985 in
363 936 417 998 lroc,
429 941 541 1005 quantum
553 937 580 986 ad
591 937 636 986 duo
648 951 654 986 ε
669 936 847 1000 primoquidem

33 1011 150 1076 quapiam
166 1009 195 1058 ad
205 1007 296 1057 modum
305 1008 484 1072 conjunctionis,
496 1008 549 1072 quia
563 1009 654 1072 quidam
668 1009 784 1070 ponebant
795 1008 846 1057 ani·

37 1089 98 1126 roam
114 1083 248 1141 separatam
264 1079 353 1144 corpori
364 1079 453 1130 iterum>
461 1079 570 1144 conjungi
584 1078 717 1129 naturaliter
730 1091 772 1142 per
785 1079 846 1128 viam

32 1151 214 1213 generationis3
229 1150 343 1211 secundb,
357 1155 468 1214 quantum
478 1152 506 1201 ad
516 1165 598 1214 corpus
607 1151 645 1200 cui
655 1151 847 1214 conjungebatur,

31 1220 87 1280 quia
108 1223 232 1288 ponebant
248 1221 310 1285 qnbd
331 1224 432 1273 secunda
452 1223 585 1286 conjunctio
606 1236 651 1273 non
668 1225 716 1273 erat
734 1223 763 1271 ad
786 1221 846 1271 idem
883 1229 893 1244 ⁴

35 1305 123 1356 corpus
137 1307 236 1344 numero
247 1295 307 1358 qnod
321 1298 468 1357 permortem
481 1293 609 1357 depositum
620 1297 671 1356 est,
686 1293 725 1343 sed
739 1293 767 1342 ad
786 1292 847 1342 aliud

35 1365 181 1428 quandoque
194 1365 254 1414 idem
270 1366 361 1430 specie,
375 1367 511 1429 quandoque
526 1370 603 1416 autern
621 1366 744 1415 diversum.
760 1365 794 1414 ad
811 1362 847 1413 di·

34 1447 133 1484 versum
148 1436 250 1498 quidem,
265 1438 354 1500 quaudo
368 1437 444 1486 anima
458 1437 481 1485 in
491 1450 586 1500 corpore
599 1436 700 1486 existens
713 1439 795 1498 proter
805 1444 851 1482 ra·

34 1504 109 1555 tionis
119 1507 228 1556 ordinem
238 1507 307 1557 vitam
318 1509 429 1570 duxerat,
442 1509 503 1558 unde
519 1507 631 1558 transibat
645 1510 803 1571 postmortem
817 1505 845 1555 de

36 1585 134 1640 corpore
146 1577 248 1628 bominis
258 1579 283 1626 in
292 1591 374 1644 corpus
382 1579 476 1630 alterius
491 1579 609 1640 animalia,
623 1581 689 1643 cujus
701 1577 802 1627 moribus
811 1577 849 1626 vi·

37 1649 115 1699 vando
126 1663 153 1700 ae
163 1649 323 1711 conformavit,
331 1651 419 1704 sicutin
428 1664 509 1714 corpas
518 1649 581 1701 canis
590 1655 683 1714 proptor
691 1647 846 1710 luxuriamini

37 1727 122 1783 corpus
142 1722 218 1771 leonis
234 1726 326 1785 propter
344 1722 444 1785 rapinam
458 1726 482 1771 et
496 1721 629 1771 violentiam
639 1759 645 1780 ,
657 1724 681 1770 et
696 1720 729 1770 sic
740 1721 768 1769 de
784 1719 846 1768 aliia.

38 1789 83 1839 sed
105 1792 134 1841 in
151 1803 233 1855 corpus
246 1793 350 1858 ejusdem
365 1792 451 1856 speciei
461 1829 467 1852 ,
479 1793 571 1855 qnando
585 1792 661 1842 anima
680 1791 739 1842 bend
753 1791 778 1840 in
794 1803 846 1842 cor·

35 1872 90 1920 pore
108 1863 212 1926 vivens,
232 1868 399 1927 postmortem
419 1861 494 1927 aliqud
512 1863 625 1914 felicitato
640 1864 777 1944 perfuncta,
792 1865 849 1927 post
940 1898 943 1922 ,

38 1931 113 1995 aliqua
130 1935 217 1985 saecula
231 1936 355 1999 incipiebat
368 1935 395 1986 ad
410 1949 491 1998 corpus
503 1935 561 1986 velle
577 1936 659 1998 redire,
675 1938 699 1986 et
718 1935 752 1985 sic
762 1935 845 1984 iterum

40 2005 133 2068 corpori
153 2005 333 2068 conjungebatur
354 2007 462 2058 bumauo
477 2005 524 2055 Sed
544 2008 593 2056 trac
612 2006 690 2090 opinio
713 2019 743 2056 er
759 2003 848 2054 duabus

41 2073 105 2126 falsis
121 2076 239 2128 radicibus
253 2078 324 2127 venit
340 2079 439 2136 Quarum
453 2077 527 2142 prima
538 2083 583 2140 eat,
598 2079 652 2141 quia
664 2076 771 2127 dicebant
785 2072 846 2137 qudd

41 2145 118 2196 anima
132 2160 179 2196 non
193 2147 338 2211 conjungitur
355 2145 442 2212 corpori
456 2148 620 2210 essentialiter,
639 2149 700 2197 sicut
713 2146 785 2196 torma
800 2155 849 2192 ma·

40 2218 103 2269 terte
110 2256 119 2281 ,
135 2216 177 2270 sed
189 2220 261 2270 sollum
273 2219 450 2279 accidentaliter,
465 2220 525 2268 sicut
537 2223 610 2270 motor
624 2219 718 2278 nrobili,
734 2222 773 2268 aut
788 2217 848 2266 sicat

42 2288 112 2342 bomo
121 2293 269 2353 vestimentu
277 2295 299 2343 et
308 2292 359 2342 ideo
368 2303 453 2355 ponere
460 2295 565 2355 poterant
574 2290 635 2353 quod
643 2291 718 2340 anima
727 2289 849 2354 pruentia-

43 2358 108 2411 lebat
123 2365 247 2424 numqaum
260 2362 349 2425 corpori
366 2363 475 2424 generato
487 2361 647 2411 inlbnderetur
660 2361 685 2409 in
700 2359 848 2424 generatione

41 2432 158 2494 naturali,
170 2433 284 2482 etiterum
299 2431 359 2496 qudd
370 2433 466 2482 diversis
478 2431 610 2495 corporibus
623 2431 734 2482 uniretur.
743 2429 848 2480 Secunda

45 2507 96 2563 est,
111 2502 165 2568 quia
181 2501 296 2567 ponebant
308 2503 449 2555 intellectum
462 2517 509 2555 uon
519 2504 609 2553 differre
621 2503 711 2552 iseum
725 2501 770 2550 nisi
781 2501 849 2550 acci-

44 2571 179 2636 dentaliter,
194 2579 221 2624 at
239 2575 326 2626 scilieet
338 2577 408 2627 bomo
421 2576 535 2626 diceretur
548 2575 689 2625 intellectum
704 2573 787 2623 babere
800 2583 848 2636 pru

44 2643 95 2698 aliis
114 2646 266 2708 animalibus,
279 2648 331 2709 quia
346 2648 370 2698 in
388 2658 416 2698 eo
429 2653 522 2712 propter
535 2647 644 2710 optimam
665 2644 766 2709 corporis
781 2655 849 2693 com·

45 2715 173 2777 pleniorem
187 2717 224 2768 vis
239 2715 349 2768 sensitiva
365 2720 464 2784 amplias
476 2718 557 2780 viget3
571 2718 632 2768 unde
645 2719 750 2781 poterant
763 2721 850 2778 ponere

46 2787 195 2850 motantur
210 2787 312 2838 bominis
324 2789 349 2838 in
363 2803 446 2855 corpus
455 2788 559 2840 animalia
572 2788 633 2838 bruti
643 2787 760 2849 transiret,
768 2784 850 2849 preci·

50 2858 94 2920 pud
107 2858 168 2912 tacta
183 2859 343 2913 immundans
358 2861 442 2914 anima
456 2861 561 2914 bonane
581 2861 610 2912 ad
628 2860 724 2914 allectus
740 2855 850 2908 brutaies.
