1932 3330
128 239 176 288 ato,
261 241 463 290 surrssusnrnss,
476 239 569 287 nonar.
585 240 677 290 nsxnr,
693 239 749 280 aar.
766 243 793 282 v,

128 321 196 386 terri,
209 321 255 374 nisi
268 321 296 372 ea
314 318 397 370 ablati.
411 317 510 381 Quane,
524 317 578 381 pne
591 317 617 368 in
630 315 743 370 divisione
758 317 827 371 tineae
840 319 930 372 anien

129 394 261 460 pervenitur
278 393 305 442 ad
319 391 363 442 hoo
373 391 434 454 quoi
445 402 490 441 non
501 393 536 440 est
545 389 654 440 sensibile
664 427 671 451 ,
683 401 766 453 eorpus
780 391 845 442 enirn
859 393 934 443 seusi-

129 467 174 519 tite
194 463 331 516 nonestis
351 461 467 512 infinitum
481 460 613 524 divisibile;
628 464 652 512 et
668 461 701 510 sio
719 467 855 526 sequeretur
875 464 934 528 qnid

129 539 182 601 post
201 536 272 588 muita
290 531 399 596 sutfragia
416 545 485 599 poenn
498 544 619 582 remanens
637 534 730 596 propter
747 533 784 583 sui
795 535 932 598 parvitatem

132 623 178 661 nou
191 609 330 666 sentiretur,
345 609 369 656 et
379 606 411 655 itu
420 618 466 655 noo
482 608 544 656 esset
557 616 635 668 prena

163 681 192 729 Et
204 679 256 730 ideo
264 677 303 728 eiii
314 677 382 726 aliurn
396 676 535 726 invenerunt
545 676 638 726 modum
649 675 862 728 :Altiniodoreusis
871 678 934 728 enin

132 751 190 802 dixit
203 749 262 814 qood
276 747 384 812 suffragia
397 750 494 811 prosunt
507 747 633 811 damnatis,
646 759 694 798 non
705 748 796 812 quodem
811 761 858 812 ‘per
868 750 936 800 dirm-

133 823 250 874 notionem
268 834 343 885 prena
356 820 392 870 rei
405 832 447 883 per
459 818 648 882 interruptionem
660 858 667 880 ,
681 820 723 870 sed
735 833 777 883 per
787 821 938 873 contemtio·

134 907 188 945 nem
206 893 330 958 patientis:
347 891 406 942 sicut
420 891 440 941 si
450 892 519 940 horno
533 889 634 954 portaret
646 904 716 955 graue
730 903 805 960 onus,
816 897 842 944 et
856 894 938 946 iaeieur

134 980 199 1017 snarn
209 965 357 1028 perfunderet
366 963 439 1026 aqua3
457 961 490 1012 sio
501 962 563 1012 enim
575 963 738 1014 confortaretur
748 964 777 1016 ao
787 963 872 1016 mettis
885 979 940 1030 por·

134 1039 246 1100 nudum,
260 1036 312 1088 sirm
326 1041 404 1086 tamen
424 1046 483 1085 onos
503 1047 571 1084 suom
589 1035 613 1084 io
627 1033 689 1085 nullo
710 1035 786 1088 levius
799 1037 874 1086 tieret.
895 1038 939 1088 Sed

134 1111 180 1161 hoe
200 1110 282 1160 iterum
301 1121 351 1160 esse
375 1119 422 1158 oen
444 1110 521 1170 potest
537 1121 543 1156 r
560 1106 615 1170 quia
633 1107 716 1170 aliquis
736 1107 843 1170 plueret
864 1109 940 1160 minis

136 1184 223 1232 aterno
235 1181 289 1244 igne
300 1182 407 1244 gravetur
422 1180 462 1243 (ut
475 1178 598 1242 Gregorius
612 1177 683 1240 uiuit)
693 1177 820 1230 nemnem
831 1181 939 1230 merituri

137 1253 222 1317 onipae,
236 1256 261 1302 et
276 1253 330 1302 inde
349 1254 385 1302 est
400 1251 463 1315 quod
480 1250 559 1300 eodem
582 1249 749 1314 igne‘qnidum
762 1248 833 1314 plns,
848 1251 940 1316 quidam

137 1325 213 1375 minis
229 1323 370 1386 ouoinntur3
380 1322 442 1372 unde
454 1320 507 1370 eim
522 1321 590 1384 ouipa
606 1320 707 1371 denunti
724 1319 847 1372 immutata
863 1337 940 1375 rema

138 1400 207 1458 nent,
221 1408 267 1447 non
287 1398 364 1459 potest
377 1392 499 1456 essequod
516 1391 590 1456 leviis
602 1403 695 1456 pronam
711 1391 778 1442 ferat.
792 1393 835 1443 Est
857 1394 940 1445 nihilo

138 1471 215 1520 minus
235 1471 259 1518 et
274 1466 381 1532 predicta
403 1465 483 1530 opinio
500 1468 697 1528 presumptuose,
710 1467 791 1527 utpote
801 1470 941 1518 ‘sanctornm

140 1541 206 1593 dictis
219 1539 344 1601 contraria,
360 1541 383 1589 et
396 1550 470 1599 vana,
483 1535 547 1586 uniit
563 1534 699 1586 teneritate
709 1535 780 1598 inlta3
793 1541 818 1587 et
830 1541 869 1588 est
884 1540 942 1588 irra-

138 1611 267 1675 tionabilis,
280 1613 330 1662 tum
342 1609 395 1675 qaia
414 1607 515 1659 damuati
530 1608 554 1657 in
573 1607 664 1660 interno
678 1610 733 1658 snut
749 1610 813 1656 entra
824 1609 941 1660 omnnium

139 1683 269 1745 onninns,
284 1679 409 1733 secuntum
425 1693 493 1744 quaro
510 1691 580 1742 opera
601 1678 706 1728 uirorum
724 1679 892 1730 continuantur
904 1682 941 1732 de

139 1754 240 1815 innotis3
255 1758 303 1804 turn
326 1752 379 1818 quia
396 1751 498 1802 totaliter
512 1750 541 1800 ad
559 1749 612 1801 vite
628 1750 751 1821 terminum
771 1756 941 1814 pervenerunt,

140 1825 278 1890 recipientes
291 1823 395 1876 nioman
406 1835 448 1886 pro
459 1821 547 1872 meritis
564 1819 752 1884 retributionem,
763 1823 823 1872 siout
832 1827 858 1874 et
870 1823 942 1874 saron

140 1896 181 1960 qui
194 1896 284 1946 suntin
298 1894 381 1958 patria
395 1893 460 1952 Quod
473 1892 535 1943 enim
550 1893 625 1942 adnuo
637 1896 708 1944 restat
720 1894 751 1944 de
761 1905 830 1956 poena
843 1895 882 1946 rei
897 1895 942 1959 gio·

141 1967 174 2017 ria
188 1967 304 2030 eorporis,
314 1967 359 2016 hoe
372 1964 406 2016 eis
414 1963 527 2014 rationem
535 1963 631 2014 viatoris
641 1977 688 2015 non
697 1965 799 2029 praebet;
809 1963 862 2016 citro
872 1967 942 2030 gioria

141 2038 292 2091 essentialiter
300 2040 324 2087 et
330 2034 460 2087 radicaliter
466 2033 609 2086 anuntio
616 2035 701 2100 anina,
711 2040 737 2088 et
742 2036 943 2088 similiterrniseria

141 2111 315 2161 damnatorum:
331 2113 357 2157 et
369 2107 420 2156 ideo
434 2117 481 2156 noo
496 2108 573 2169 potest
586 2118 664 2158 eonem
677 2121 746 2172 poena
759 2108 871 2172 diminui,
885 2111 944 2160 siout

142 2196 186 2234 neo
198 2181 269 2246 gloria
279 2182 410 2230 aeneorum
419 2177 511 2240 angeri,
521 2179 669 2242 qnmtnuteri
678 2180 798 2244 premium
809 2182 942 2232 essentiale.

174 2255 220 2306 Sed
232 2257 310 2303 temen
323 2251 405 2302 modos
419 2249 459 2312 qni
471 2249 486 2302 i
496 2250 631 2314 qunusdoor
640 2252 741 2315 ponitur,
759 2251 820 2316 quon
834 2252 943 2316 suffugia
957 2293 958 2298 ,

142 2329 239 2392 prosunt
250 2323 377 2386 demotis,
391 2325 472 2386 posset
482 2320 558 2386 atiquo
569 2323 636 2373 modo
649 2321 771 2386 sustineri3
786 2327 813 2374 ut
823 2323 843 2373 si
858 2323 943 2375 dicotur

143 2398 204 2460 qood
222 2409 268 2447 uon
286 2398 397 2460 posunt,
412 2407 486 2459 neque
501 2397 611 2463 quantum
630 2395 660 2445 ad
677 2393 853 2446 diminnnonern
869 2407 943 2460 pona

35 2459 43 2474 '
143 2469 180 2520 vel
191 2467 398 2534 interruptionem,
412 2479 488 2530 oeque
505 2470 616 2529 quantum
628 2467 656 2518 ad
671 2465 846 2517 diminutionem
860 2479 943 2520 sensus

143 2554 232 2607 poenae;
249 2541 289 2592 sed
306 2539 359 2604 qnia
381 2552 411 2590 ex
431 2537 562 2601 hujusmodi
574 2537 689 2600 suffragiis
702 2535 736 2588 eis
753 2537 828 2600 aliqua
849 2538 943 2590 materia

145 2613 229 2665 doloris
242 2611 395 2675 subtrahitur,
409 2625 461 2674 quae
474 2610 509 2660 eis
529 2623 580 2660 esso
600 2613 694 2674 possu,
708 2608 729 2660 ei
747 2609 781 2660 tta
797 2623 822 2662 se
841 2610 942 2674 abjectos

144 2684 381 2749 suspirantique
395 2695 438 2747 pro
448 2682 483 2734 eis
496 2681 559 2734 nulia
567 2694 621 2732 euro
634 2681 770 2745 haberetur3
781 2695 835 2744 qun
847 2681 941 2732 materia
957 2681 958 2692 ¹

145 2757 229 2810 doloris
238 2755 272 2808 eis
282 2755 435 2816 subuehitur,
446 2755 501 2804 tium
512 2755 622 2818 suffragia
635 2767 676 2821 pro
690 2755 723 2805 eis
734 2755 801 2806 irunt.
815 2755 862 2805 Sati
881 2753 942 2804 istud

144 2829 213 2880 stiunt
226 2843 273 2880 non
286 2830 363 2894 potest
377 2839 429 2878 esse
442 2825 567 2878 secundina
582 2827 656 2889 regem
673 2837 827 2888 ammonent,
840 2825 906 2890 qnia,
917 2827 942 2872 ut

145 2901 285 2965 Augustinus
294 2899 348 2950 dicit
358 2898 416 2948 libro
425 2897 533 2951 Docere
540 2911 590 2962 pro
599 2897 817 2962 mortnisopeorio
829 2899 889 2964 (opp.
902 2894 940 2954 tt)

149 2974 222 3040 (qnod
238 2969 353 3038 proripui
367 2971 396 3022 ie
410 2969 524 3022 demotis
534 2969 693 3034 uasorum:
708 2985 723 3019 ι
736 2967 772 3022 liri
783 2974 839 3022 sunt
850 2969 942 3036 spiritus
