1998 3326
127 173 175 224 tat
294 185 493 236 surrunmrrorr,
510 183 602 229 onmsr.
619 185 660 236 ov,
676 185 731 223 nnn.
748 187 765 222 r.

128 262 189 327 quod
204 260 279 326 ahquo
293 264 397 324 tempore
410 261 497 311 utiliter
511 260 653 324 conceditur,
669 261 713 312 atio
724 259 842 312 salubriter
854 259 940 326 prohi-

127 334 203 385 betur.

159 405 192 455 hd
208 406 296 454 sextum
313 403 448 466 dicendum,
465 402 526 466 quod
543 405 653 452 statutum
663 417 709 454 non
728 403 827 465 imponit
839 401 939 453 modum
956 415 960 421 ·

127 474 260 539 preteritis,
275 474 315 524 sed
336 473 428 523 futuris.
445 473 522 534 Unde,
537 474 556 522 si
569 473 636 524 modb
656 473 817 537 prohiberetur
836 473 938 536 quintus

126 546 225 608 gradus,
241 546 280 608 qni
291 557 351 595 nnnc
361 547 397 595 est
408 557 546 606 concessus,
562 543 596 593 itti
609 544 712 608 quisunt
726 545 749 594 in
760 544 838 607 quinto
858 545 937 607 gradu

128 617 254 680 conjuncti,
269 629 314 666 non
326 621 404 666 essent
416 615 554 678 separandi3
570 615 655 665 nulium
668 614 730 666 enim
741 614 937 680 impedimentum

127 687 272 738 matrimonio
289 687 452 750 superveniens
470 686 546 750 ipsum
559 689 636 750 potest
648 687 769 749 dirimere,
784 689 808 737 et
826 686 860 736 sic
877 697 939 736 con·

126 756 216 822 junctio
237 771 287 820 qua
300 756 363 820 prihs
375 757 418 806 init
432 756 618 818 matrimonium,
633 769 679 806 uon
690 757 816 808 efficeretur
828 770 869 820 per
884 759 938 808 sta-

128 831 204 880 tutum
217 829 325 878 Ecclesiae
345 832 456 892 stuprum.
465 829 495 877 Et
511 827 615 878 similiter
628 828 648 876 si
661 827 742 890 aliquis
753 829 835 890 gradus
851 841 938 878 conce-

127 899 228 961 deretur,
238 899 278 962 qni
287 911 348 949 nunc
361 904 396 949 est
408 899 545 962 prohibitus,
554 899 593 948 iila
606 897 740 962 conjunctio
748 911 794 948 non
803 897 937 948 ediceretur

127 969 331 1020 matrimonialish
354 973 439 1020 statuto
457 971 565 1020 Ecctcsim
584 969 671 1020 ratione
694 969 762 1033 primi
785 969 934 1031 contrartris,

128 1044 225 1104 possent
236 1041 337 1104 separari
349 1039 370 1089 si
388 1041 490 1104 veltent3
505 1042 546 1090 scd
561 1044 635 1090 tamen
654 1045 747 1104 possent
762 1039 790 1090 de
802 1053 862 1090 noro
877 1051 936 1090 con·

129 1113 233 1171 trahere,
248 1116 271 1161 et
284 1111 329 1160 alia
340 1112 471 1174 compunctio
485 1114 556 1162 esset.

128 1215 131 1220 -
156 1182 190 1232 ad
205 1183 326 1245 septimum
347 1181 475 1238 dicendum,
491 1181 551 1245 quod
570 1181 595 1232 in
612 1183 717 1246 gradihus
729 1181 937 1244 consanguinitatis

128 1252 284 1316 prohibendis,
298 1253 400 1302 Ecclesia
417 1252 532 1318 praecipui
549 1254 656 1304 observat
674 1251 784 1304 rationem
797 1252 887 1302 amoris.
903 1253 934 1304 nt

127 1323 181 1386 quia
192 1329 283 1374 nonest
296 1323 369 1373 minor
384 1323 442 1372 ratio
452 1324 535 1374 amoris
546 1324 573 1374 ad
581 1327 688 1386 nepotem
698 1323 765 1385 quim
777 1323 806 1372 ad
814 1324 932 1386 patruum,

127 1394 168 1444 sed
181 1393 250 1443 etiam
260 1394 341 1457 major,
350 1393 435 1456 quanto
446 1394 595 1458 propinquior
601 1398 637 1444 est
646 1395 706 1458 patri
715 1394 784 1456 titius,
797 1393 851 1458 qnia
863 1393 934 1456 quam

127 1467 200 1528 pater,
208 1469 234 1514 ut
248 1465 331 1514 dicitnr
341 1464 365 1512 in
376 1465 433 1512 Viit.
449 1465 536 1514 Etbtc.
549 1465 580 1528 (o.
592 1467 640 1528 ts),
649 1469 744 1528 propter
753 1467 797 1515 hoc
810 1465 929 1528 aequaliter

127 1535 243 1598 prohibuit
253 1535 335 1596 gradus
348 1533 553 1597 consanguinitatis
563 1535 589 1584 in
602 1536 689 1599 patruis
703 1539 726 1586 ct
742 1535 872 1598 nepotibus.
885 1535 933 1586 Sed

127 1603 165 1656 lex
180 1608 248 1654 uetus
258 1604 282 1653 in
296 1604 399 1667 personis
412 1605 559 1668 pmhibendis
573 1607 672 1656 attendit
685 1605 799 1670 precipui
816 1605 935 1657 cohabita·

128 1674 228 1736 tionem,
243 1679 322 1726 contra
337 1675 561 1739 concupiscentiam,
574 1677 699 1742 prohibens
712 1677 763 1727 illas
779 1687 889 1742 personas
902 1677 933 1728 ad

127 1759 185 1810 qnae
208 1744 296 1798 facilior
308 1751 412 1810 pateret,
431 1760 537 1798 accessus
548 1749 642 1812 propter
660 1751 762 1798 mutuam
784 1747 935 1798 cohabitatio·

128 1829 192 1867 nem.
211 1817 282 1880 Magis
298 1821 374 1868 autem
394 1819 514 1869 consuerit
528 1820 657 1878 cohabitare
677 1819 753 1883 neptis
770 1821 851 1883 patruo
865 1817 934 1880 quam

129 1887 197 1936 amita
214 1887 309 1951 nepoti,
327 1889 381 1951 quia
398 1889 490 1940 iitinest
504 1890 565 1940 idem
580 1889 647 1953 quasi
665 1903 716 1938 cnm
735 1893 817 1954 patre,
832 1889 883 1938 chm
905 1889 936 1940 sit

129 1957 214 2022 ahquid
231 1958 292 2022 ejus.
307 1959 353 2010 Sed
370 1971 434 2010 soror
448 1973 495 2012 non
509 1964 544 2012 est
561 1962 605 2011 hoc
621 1960 688 2011 modo
702 1961 763 2011 idem
782 1973 833 2010 cum
848 1961 933 2023 tratre,

129 2025 183 2077 oium
197 2041 242 2078 non
260 2027 290 2078 sit
305 2029 388 2094 ahquid
404 2031 470 2096 ejus,
486 2033 526 2082 sed
542 2032 615 2096 magis
635 2045 663 2082 ex
679 2033 758 2082 eodem
777 2032 892 2094 nascitnr3
909 2035 934 2083 ct

129 2095 182 2150 ideo
199 2112 246 2152 non
263 2105 311 2152 erat
324 2103 403 2154 eadem
420 2103 476 2155 ratio
489 2103 625 2169 pmhibendi
640 2109 731 2167 neptem
751 2107 774 2155 et
784 2103 886 2153 amimm.

408 2443 574 2513 itidittto
590 2445 649 2509 itt.

133 2585 170 2634 Dc
182 2588 354 2647 impedimento
369 2591 516 2650 affinitatis,
529 2585 559 2636 in
571 2590 687 2636 undecim
707 2590 827 2638 articulos
840 2589 931 2639 diuiso.

163 2741 249 2792 Deinde
263 2743 454 2798 considerandum
470 2747 505 2795 est
517 2744 545 2794 de
564 2743 726 2807 impedimento
743 2743 871 2795 affinitatis.

163 2814 226 2865 Circa
241 2816 300 2879 quod
316 2821 449 2880 queruntur
462 2815 569 2866 undecim
584 2829 590 2865 :
605 2818 632 2865 t·
643 2815 723 2866 Utrim
736 2815 835 2866 aidnitas
846 2829 930 2869 exma-

133 2883 242 2938 irimonio
262 2891 374 2939 caumtnr.
396 2892 422 2937 a·
439 2887 518 2939 titrhm
536 2889 628 2940 mancat
645 2891 698 2951 post
715 2891 811 2940 mortem
831 2888 875 2939 riri
893 2892 932 2942 aut
