1998 3326
154 125 184 171 'la
292 137 489 186 suraasnanrnrr,
506 135 600 182 onnsr.
616 135 686 185 xcix,
703 136 757 174 aar.
777 136 812 174 ιι.

178 211 332 270 (Conenusro.
345 239 376 250 -
389 213 520 276 Quanquam
536 211 731 263 minirshonestus
747 213 854 276 appareat
869 210 963 261 matri-

154 281 227 332 monii
240 287 317 346 actus‚
325 287 417 347 propter
428 283 537 334 etlrenem
554 282 616 333 illam
627 296 694 346 quam
705 295 796 346 semper
808 281 962 344 conjunctam

154 352 223 402 babet
236 351 417 416 delectationem,
428 353 511 418 proles
522 355 645 416 tamenne
655 352 727 415 fides,
737 357 962 402 etsucrcmentarm

154 422 229 487 ipsum
240 436 286 474 non
294 422 381 474 tantiam
392 429 512 489 excusant,
524 425 564 476 sed
578 427 601 476 et
610 427 714 475 sanetum
723 423 845 486 reddunt.)

187 495 321 558 Respondeo
341 496 461 546 dicendum
472 535 478 558 ,
491 495 553 560 qubd
572 497 655 560 aliquis
671 501 734 546 actus
755 495 837 545 dicitur
849 496 963 545 excusari

156 565 294 629 dupliciter:
309 567 359 618 Uro
369 569 445 631 modo,
460 573 566 634 exparte
583 567 704 630 facientis,
718 567 751 617 ita'
768 565 829 630 qubd
847 579 896 617 non
910 565 964 616 irn-

157 640 249 699 putetur
262 637 354 689 facienti
365 639 389 689 iu
402 641 503 704 culpam,
516 639 621 704 quamvis
634 640 665 689 sit
675 639 757 701 malus,
770 639 806 689 vel
815 637 897 688 saltem
913 650 961 688 non

157 707 181 756 in
194 711 280 758 tantam
290 709 379 774 eulpam
389 728 395 775 3
407 711 465 762 sicut
479 710 609 776 ignorantia
619 711 702 762 dicitnr
714 721 821 762 excusare
827 712 964 774 peccatum,

158 777 183 827 in
199 782 247 830 totu
269 781 307 831 vel
320 780 344 831 in
361 786 435 846 parte.
455 783 505 834 llio
524 784 591 834 modo
611 782 694 834 dicitnr
712 780 815 832 excusari
836 784 914 843 actus,
933 791 965 830 ex

159 855 223 914 parte
237 851 288 914 sul,
306 853 439 905 itascilicet
454 855 515 920 quod
525 867 572 906 non
581 854 614 909 ,sit
627 853 712 916 malus3
726 856 749 903 et
762 853 807 902 hoc
821 851 888 902 modo
898 863 964 914 prae·

161 923 223 974 dicta
235 924 295 975 bona
313 926 417 977 dicuntur
436 934 546 980 excusare
565 931 639 979 actum
658 925 805 977 matrimonii.
826 925 859 974 Ex
876 923 963 974 eodem

162 999 237 1046 autem
249 997 318 1048 habet
330 1002 393 1050 actua
411 999 494 1064 aliquis
508 999 569 1064 qubd
582 1011 629 1050 noa
644 998 674 1050 sit
687 998 759 1048 malus
773 996 798 1046 in
812 1007 898 1060 genere
913 1007 966 1043 mo·

161 1066 204 1128 ris,
219 1068 313 1132 etquid
325 1069 354 1121 sit
366 1071 455 1136 bonus3
469 1070 521 1136 quia
536 1085 582 1123 non
595 1074 631 1124 est
646 1071 727 1135 aliquis
736 1073 804 1120 nctus
815 1067 963 1127 indifferens,

162 1139 188 1186 ut
200 1137 223 1187 iu
240 1140 268 1188 ll.
283 1139 340 1192 libro
354 1142 440 1193 dictum
463 1147 499 1194 eat
512 1143 585 1208 (dist.
601 1145 647 1204 to,
661 1155 701 1206 qn.
718 1143 745 1205 l,
758 1144 801 1190 art.
818 1139 860 1203 5).
875 1137 967 1188 Dicitur

162 1213 239 1261 autem
254 1211 336 1276 aliquis
354 1215 468 1266 humanus
486 1220 549 1268 actm
561 1217 635 1267 bonus
646 1213 765 1278 dupliciter
784 1213 855 1262 :Uno
872 1209 965 1269 modo,

163 1279 273 1331 bonitale
291 1285 406 1336 uirtutis.
424 1285 453 1339 bt
465 1288 499 1338 sto
517 1288 587 1338 babet
601 1287 664 1337 actus
677 1283 738 1348 quod
755 1283 786 1334 sit
798 1284 871 1333 bonus
882 1294 913 1331 ex
926 1279 965 1330 bis

163 1364 213 1415 quae
229 1353 306 1418 ipsum
318 1355 342 1405 in
361 1357 437 1408 medio
455 1361 552 1424 ponunt.
566 1359 596 1408 nr
609 1359 653 1408 boc
672 1355 758 1406 iaciunt
775 1355 800 1404 in
813 1357 865 1404 actu
884 1349 968 1402 matri-

164 1425 234 1475 monii
249 1427 312 1489 fides
322 1433 345 1478 et
354 1429 444 1494 proles,
457 1435 483 1480 ut
498 1429 606 1482 endiadis
619 1429 747 1494 patet(ari.
762 1429 805 1491 a).
820 1423 965 1485 diomede,

164 1494 276 1546 bonitate
288 1503 458 1561 sacramenti,
469 1501 594 1553 secundirm
611 1499 671 1564 qubd
688 1500 751 1548 actus
768 1509 814 1548 non
829 1493 905 1546 solbm
926 1493 969 1542 bo·

165 1579 229 1626 nuc,
245 1569 285 1618 sed
305 1569 373 1622 etiam
391 1575 493 1622 cunctus
517 1571 608 1623 dicitur.
632 1570 661 1620 Et
675 1570 734 1619 bane
750 1568 875 1620 bonitatem
894 1565 967 1616 babet

165 1643 231 1690 actus
248 1642 385 1694 matrimonii
403 1657 432 1695 ex
445 1643 625 1695 indivisibilitate
639 1641 819 1706 conjunctionis,
834 1637 964 1690 secundina
990 1650 991 1682 ι

168 1723 235 1772 quam
254 1711 366 1776 significat
379 1716 565 1780 conjunctionem
584 1713 669 1764 Christi
685 1714 713 1763 ad
730 1712 863 1763 Ecclesiam.
886 1709 917 1760 Et
935 1708 968 1760 sic
990 1747 991 1750 ,

168 1785 231 1844 patet
243 1782 303 1847 qubd
320 1785 426 1849 praedicta
436 1787 496 1839 bona
505 1785 646 1838 sufficienter
658 1788 733 1835 actum
744 1781 883 1834 matrimonii
897 1794 968 1832 excu-
990 1805 991 1826 ι

170 1856 230 1903 sant.

180 1959 181 1966 ι
201 1927 235 1976 dd
247 1928 345 1992 primum
354 1943 407 1994 ergo
418 1931 546 1994 dicendum,
559 1929 619 1996 quod
628 1943 670 1995 per
680 1927 820 1980 matrimonii
833 1929 910 1978 actum
922 1938 969 1977 non

170 1997 264 2050 incurrit
279 2002 347 2054 homo
362 2003 472 2054 damnum
494 2001 590 2053 rationis
612 2001 720 2066 quantbm
744 2001 771 2050 ad
791 1998 908 2062 habitum,
928 1997 968 2048 sed

171 2069 245 2119 solnm
263 2072 372 2134 quantum
385 2075 413 2124 ad
431 2077 515 2126 actum.
530 2075 577 2124 Nec
591 2077 626 2125 est
643 2071 806 2124 inconveniens
823 2069 883 2134 quod
896 2083 970 2134 quan-

172 2141 245 2206 doque
263 2143 344 2208 aliqnis
358 2150 434 2211 actus,
446 2147 485 2212 qui
499 2151 533 2198 est
545 2146 624 2198 melior
644 2143 770 2196 secundbm
791 2156 861 2206 genus
883 2156 967 2204 sunm,

171 2212 348 2280 interrumpatur
367 2229 408 2282 pm
428 2219 503 2284 aliquo
518 2217 596 2270 minias
616 2219 676 2270 bono
696 2222 763 2280 actn3
778 2217 822 2266 hoc
841 2214 904 2265 enim
921 2214 970 2266 sine

172 2290 265 2348 peccato
279 2287 326 2338 lieri
340 2292 426 2353 poleam
440 2291 498 2342 sicut
510 2295 577 2356 patet
589 2289 615 2340 in
629 2303 656 2341 eo
669 2288 707 2354 qui
721 2288 748 2338 ab
762 2291 813 2338 actu
828 2287 969 2352 contempla-

172 2355 242 2408 tionis
254 2363 341 2422 cessat‚
353 2364 379 2411 ut
392 2360 506 2414 interdum
526 2363 611 2414 actioni
630 2365 703 2411 vacet.

203 2429 236 2478 nd
248 2430 371 2481 secundine
382 2431 515 2500 dicendum,
524 2434 585 2498 qnod
595 2433 651 2484 ratio
661 2432 701 2482 illa
711 2430 967 2496 procederet‚simalum

172 2497 233 2561 qudd
244 2499 425 2566 inseparabiliter
432 2507 554 2556 comitatur
561 2504 714 2567 concubitum,
725 2507 786 2555 esset
793 2503 876 2552 malum
884 2503 967 2567 culpae.

173 2569 236 2620 Nunc
254 2575 329 2623 autem
347 2585 393 2626 non
408 2581 444 2628 est
458 2578 543 2626 malum
555 2575 642 2640 cnlpae,
653 2573 693 2626 sed
709 2587 781 2639 prena
797 2573 885 2624 tantbm
897 2612 904 2638 ,
918 2585 968 2637 quc

173 2643 209 2690 est
228 2640 380 2726 inobedientia
397 2646 591 2711 eoncupiscentia
609 2648 638 2698 ad
655 2647 777 2698 rationem.
795 2646 823 2696 Et
844 2645 895 2697 ideo
912 2645 966 2696 ratio

174 2720 343 2849 noztlsfflrirm
356 2793 490 2857 dicendum,
502 2791 562 2856 qubd
574 2792 778 2860 superabundantia
789 2791 904 2857 passionis
916 2801 965 2856 qua

175 2865 229 2920 tacit
246 2870 344 2933 citium,
362 2875 409 2917 nou
424 2863 548 2918 attenditur
560 2864 685 2918 secuudum
698 2864 871 2930 quantitativum
894 2865 965 2931 ipsius
