1958 3314
311 204 343 242 or
358 203 457 244 nrsrnno
473 203 581 244 rnsuonr.
800 197 850 246 tte

83 285 103 332 t.
114 280 159 333 Sed
173 283 252 332 eontra
263 282 313 344 est,
328 281 390 346 quod
400 281 482 332 dicitur
496 283 597 340 notit„
611 281 642 334 V:
655 281 720 343 «Qui
729 281 847 336 dimissam

56 350 150 414 duxerit,
160 354 296 405 moechatur.
309 370 323 404 e
335 353 380 406 Sed
393 354 490 406 moecbia
501 367 617 420 nunquam
628 353 704 406 tuitio
713 356 785 408 veteri
793 358 848 410 Tes-

55 428 145 548 &ablegato
158 425 233 476 licita.
245 426 304 492 Ergo
322 439 366 477 nec
382 426 449 478 orori
463 427 589 492 repudiatae
606 427 671 480 licuit
686 427 756 479 alium
770 428 848 482 sirum

81 573 103 620 t.
117 534 230 622 Preterm
237 571 375 642 aventer„
392 569 477 634 xxtl,
490 570 571 622 dicitur
584 569 646 634 quod
662 571 771 624 «mulier
780 585 849 638 repu-

54 642 106 692 diata
118 655 169 706 qum
181 642 253 692 alium
265 643 341 694 uirum
355 643 464 705 duceret,
479 643 565 707 polluta
582 645 631 693 erat
648 648 672 696 et
688 643 850 698 abominabilis

54 713 105 764 lacta
118 727 196 765 coram
212 715 340 767 Domino.»
357 715 416 780 Ergo
430 714 554 779 peccabat,
571 713 640 765 alium
652 715 725 765 uinum
737 717 848 769 ducendo.

84 785 281 849 (Coumusro.-
291 785 347 838 Cim
361 786 442 838 mulier
454 789 540 850 quanto
558 787 662 850 tempore
678 786 745 851 uiuit,
759 787 851 872 altipeta

53 856 78 907 sit
87 859 131 922 legi
140 858 195 922 riri,
212 870 258 909 non
267 861 345 924 potest
357 859 425 909 etiam
435 858 553 923 repudiata
567 856 633 910 elteri
647 858 747 922 nubere,
759 859 805 912 uisu
820 873 850 912 ex

54 929 220 993 dispensatione
237 930 314 981 diuina
324 930 347 980 ei
357 929 493 994 permissum
507 929 599 994 luerit.)

79 1003 216 1066 Respondeo
227 1002 364 1066 dicendum,
377 1000 437 1066 qnid
457 1000 582 1052 secundnm
597 1001 694 1066 primam
708 1001 851 1072 opinionem,
888 1039 892 1048 .

17 1083 18 1086 ’
53 1079 98 1137 post
108 1074 232 1139 repudium
246 1087 304 1125 uxor
316 1074 427 1139 peccabat
437 1073 506 1124 abum
519 1072 594 1123 uirum
609 1073 726 1138 ducendo,
739 1075 793 1140 quia
810 1077 851 1126 ad-

54 1148 93 1198 buc
104 1146 205 1211 primuni
226 1145 395 1196 matrimonium
415 1157 463 1196 non
479 1147 528 1196 erat
541 1145 655 1209 solutum3
672 1146 755 1196 mulier
771 1147 850 1212 enirn,

16 1249 17 1252 η
56 1234 68 1265 e
79 1222 162 1282 quanto
172 1222 279 1282 tempore
287 1216 324 1267 uir
335 1216 394 1266 vluit
401 1253 409 1280 ,
418 1215 509 1279 alligata
518 1220 554 1267 est
565 1215 611 1280 legi
626 1216 685 1279 riri,
696 1233 710 1266 o
724 1217 760 1267 ud
768 1219 851 1280 llom„

53 1289 95 1340 lll.
107 1291 158 1340 Non
174 1292 254 1340 autem
264 1290 354 1353 poterat
364 1287 433 1338 simul
442 1287 520 1352 plnres
529 1286 590 1340 uiros
603 1288 696 1339 babere.
705 1289 759 1351 Sed,
772 1301 853 1342 secun-

15 1393 16 1434 3
53 1360 101 1412 dim
110 1361 240 1412 secundam
250 1359 393 1426 opinionem,
407 1358 467 1410 siem
479 1357 562 1410 licebat
572 1360 623 1411 rino
634 1373 663 1412 ex
681 1361 853 1426 dispensatione

55 1433 124 1484 diviua
137 1445 236 1485 uxorem
250 1432 379 1497 repudiare,
391 1432 423 1482 ita
436 1431 502 1483 uxori
515 1431 585 1482 aliurn
597 1431 671 1482 airum
687 1433 784 1493 dooere,
799 1432 853 1496 quia

54 1502 231 1570 inseparabilitas
245 1503 385 1554 matrimonii
398 1517 427 1554 ex
436 1515 506 1554 cenea
519 1503 603 1554 dimne
616 1503 795 1568 dispensationis
808 1503 852 1554 tol·

54 1575 148 1640 letatur,
174 1589 220 1640 qua
240 1574 432 1640 inseparabilitate
454 1577 577 1636 manente,
599 1574 734 1640 intelligitur
757 1574 852 1625 verbum

14 1685 15 1700 2
54 1650 158 1714 lpostoli.
175 1649 206 1699 Ut
219 1660 274 1711 ergo
288 1647 316 1698 ad
327 1650 434 1712 utrasque
443 1647 544 1700 rationes
556 1647 752 1711 respondeamus:

80 1723 111 1773 nd
121 1721 223 1786 primum
237 1733 292 1782 ergo
303 1719 437 1786 dicendum,
448 1719 510 1784 quod
520 1718 570 1769 viro
583 1717 669 1770 licebat
682 1719 759 1783 plures
769 1731 853 1770 uxores

56 1791 116 1844 simul
137 1794 225 1844 babere
245 1791 370 1842 secunddm
394 1790 589 1856 dispensationem
607 1789 725 1852 diuinam3
743 1794 767 1842 et
785 1789 852 1853 ideo,

54 1865 93 1915 uod
109 1864 222 1928 dimissi,
238 1863 307 1914 etiam
320 1863 465 1914 matrimonio
486 1875 533 1914 non
548 1863 667 1925 absoluto,
679 1863 768 1928 poterat
785 1861 853 1914 aliam

55 1935 138 1988 ducere.
149 1937 197 1988 Sed
211 1947 330 1999 nunquam
339 1933 406 1985 uxori
420 1934 485 1986 licuit
497 1934 581 1986 babere
590 1933 749 1999 plnresrires.
763 1933 792 1984 Et
800 1934 852 1986 ideo

54 2012 139 2058 nonest
149 2007 236 2059 simile.

81 2081 113 2131 ld
125 2080 253 2132 secundnm
263 2077 388 2130 dcendum
399 2115 406 2138 ,
417 2075 477 2141 qudd
492 2078 516 2127 in
528 2076 569 2132 illo
579 2077 648 2128 verbo
659 2076 788 2140 legumini,
799 2091 853 2126 moe

54 2151 201 2218 componitur
216 2163 258 2215 pro
275 2148 453 2212 cousuetudine,
462 2150 503 2200 sed
515 2162 557 2213 pro
574 2153 626 2200 actu
641 2148 757 2212 honesto,
772 2160 853 2200 secun

54 2220 102 2272 dim
118 2221 179 2286 qnbd
193 2221 282 2272 imore
295 2219 376 2271 dicitur
395 2218 476 2284 aliquis
490 2221 678 2286 moriqeratus,
692 2218 745 2282 ouis
763 2223 798 2268 est
811 2219 854 2270 bo-

54 2305 129 2344 norum
143 2305 251 2358 mornm3
265 2295 289 2344 et
303 2293 363 2344 sicut
383 2291 396 2342 b
411 2303 475 2344 more
488 2291 633 2358 philosophia
655 2289 764 2340 morulis
778 2289 853 2341 nomi-

56 2369 125 2417 natur.

73 2437 111 2493 ,ld
125 2436 221 2488 terbum
232 2434 363 2499 dicendum,
375 2431 438 2497 quid
454 2432 572 2497 Dominus,
588 2433 693 2486 Multi„
707 2433 737 2496 V,
752 2431 853 2483 ostendit

55 2520 132 2560 nouam
149 2509 227 2573 legem
237 2507 352 2562 abundare
367 2519 408 2572 per
424 2505 519 2558 consilia
538 2507 568 2557 ad
582 2511 699 2568 veterem,
716 2517 765 2555 non
778 2503 852 2556 solnm

56 2579 160 2642 quartum
173 2581 202 2632 ad
212 2593 240 2632 es
249 2590 301 2644 que
314 2580 352 2630 lex
363 2582 430 2630 uetus
440 2577 503 2629 licita
516 2577 628 2639 iaciebat,
644 2578 685 2629 sed
698 2575 767 2628 etiam
780 2587 854 2640 qusn-

56 2649 99 2701 tirm
111 2653 140 2703 ad
149 2665 179 2704 ea
192 2665 244 2717 qum
257 2652 282 2702 in
295 2649 369 2702 reteri
381 2651 433 2716 lege
443 2649 524 2700 illicita
533 2653 606 2701 erant.
616 2649 662 2700 Sed
673 2647 687 2699 a
700 2647 777 2698 multis
790 2647 854 2698 licita

56 2723 198 2787 potabantur,
212 2736 254 2790 per
263 2735 310 2774 non
319 2725 405 2774 rectam
419 2725 583 2788 preceptorum
597 2719 781 2785 expositionem
793 2719 853 2770 sicut

59 2796 117 2856 patet
129 2796 157 2846 de
172 2795 225 2862 odio
241 2793 337 2846 inimici.
351 2795 380 2846 llt
393 2793 470 2846 itsest
480 2793 550 2844 etiam
564 2793 593 2844 de
600 2791 705 2858 repudio.

86 2866 118 2916 lld
139 2869 246 2932 qnamnm
269 2865 403 2928 dicendum,
417 2865 478 2931 quod
499 2865 593 2915 uerbum
611 2862 703 2915 bomini
721 2860 854 2924 intelligitur

62 2937 166 2999 ouantium
179 2940 209 2992 ad
230 2942 323 3004 tempas
334 2952 401 2992 none
412 2939 488 3003 lepis,
504 2936 529 2989 in
545 2949 591 3003 quo
604 2936 665 2990 dictu
682 2933 801 3002 permissio
818 2935 854 2986 est

219 3075 230 3107 l
