1954 3314
122 165 166 210 teo
237 175 440 222 snrruunnurun,
454 175 546 220 eumer.
565 175 670 224 uiuunt,
686 175 741 212 aur.
761 175 793 212 vr.

119 250 159 311 qni
168 263 211 314 per
226 255 321 300 mortem
338 250 428 311 accidit,
440 252 464 300 et
477 252 503 300 ad
520 250 838 314 multiplicationem-hnmani
847 263 926 314 gene·

119 321 164 380 ris;
177 325 200 371 et
211 319 335 379 comestio,
351 321 379 368 ad
395 321 581 372 restaurationem
596 322 708 384 deperditi
726 327 750 372 et
771 324 798 372 ad
813 335 927 384 augmen·

118 397 166 440 turn
180 391 320 455 quantitatis.
334 392 377 442 Sed
399 390 423 440 in
438 395 497 442 statu
518 393 690 443 resurrectionis
705 394 831 442 humanum
847 406 926 456 genus

120 464 295 514 habebittotam
316 462 483 512 multitudinem
499 463 667 514 individuorum
685 463 696 511 t
711 464 757 513 lico
772 465 922 526 prefinitum,

120 535 255 598 quinosque
269 533 297 584 ad
308 535 352 584 tuoe
366 533 481 595 generatio
491 534 612 596 differtum
624 534 730 585 similiter
744 533 813 584 etiam
828 535 927 597 quilibet

120 608 188 656 homo
204 607 307 668 resurget
320 604 345 652 in
362 603 437 654 debita
450 605 592 668 quantitate3
609 617 651 655 neo
664 606 708 655 erit
721 605 780 655 ultra
794 619 870 666 mors,
886 611 927 655 aut

121 677 196 738 aliqua
218 675 343 739 deperditis
361 676 401 726 liet
414 676 426 724 a
441 676 543 739 pertitus
562 675 668 726 hominis.
684 677 744 739 Ergo
757 675 844 726 frustra
859 683 926 727 esset

121 751 185 796 actus
199 745 335 808 generativis
354 751 377 795 et
391 745 506 796 nutritive
518 745 617 796 virtutis.

154 817 309 880 (winemero.
318 843 348 854 —
356 816 415 866 Cium
430 817 454 867 in
464 816 630 868 resurreetione
642 817 715 880 prima
729 817 856 881 perfectio,
868 832 922 881 pue

123 887 245 950 acquiritur
266 889 313 938 vita
332 888 439 951 animali,
456 901 502 938 non
521 891 654 952 spectetur;
674 889 714 938 sed
737 889 853 948 serenda,
870 901 924 952 qne

124 963 228 1008 versetur
247 959 307 1009 eirca
323 958 526 1021 consequutionem
543 959 614 1008 ultimi
635 959 700 1022 lium„
719 959 742 1010 id
763 964 817 1022 est,
836 961 926 1012 alente

122 1030 280 1092 beatitudinis3
300 1043 441 1094 consequens
461 1033 536 1080 estut
550 1031 684 1081 resurrectio
703 1043 750 1081 non
764 1032 797 1082 sit
808 1031 887 1082 iutura
902 1032 925 1082 ir

126 1101 172 1150 vita
187 1101 306 1165 animati.)

105 1229 107 1236 ¹
156 1175 290 1240 despondeo
311 1172 441 1232 dicendivnr,
456 1171 517 1235 quod
532 1171 667 1222 resurrectio
679 1171 781 1230 nouerit
794 1173 926 1224 cumessam

125 1245 212 1296 tuemini
225 1248 316 1309 propter
330 1245 426 1308 primam
441 1243 604 1306 perfectionem
623 1243 697 1307 ipsius
710 1257 762 1306 qum
775 1245 887 1295 consistit
904 1245 926 1294 in
966 1245 967 1294 ξ

124 1317 253 1380 integritate
263 1329 340 1366 eorum
352 1329 402 1378 qum
415 1317 442 1366 ad
452 1318 555 1364 naturam
569 1317 684 1378 spectant.
692 1312 748 1376 quia
758 1315 787 1362 ad
802 1316 847 1364 troc
859 1317 926 1366 homo

124 1389 331 1451 pervenirepotest
343 1387 440 1436 instato
455 1384 572 1449 praesentis
586 1385 641 1436 vite
654 1398 695 1447 per
709 1384 825 1436 actionem
842 1399 925 1437 cansa·

125 1473 175 1508 rum
196 1458 340 1508 naturalium.
354 1459 400 1508 Sed
413 1457 540 1508 necessitas
559 1456 730 1506 resurrectionis
744 1460 782 1506 est
796 1458 825 1507 ad
847 1471 926 1508 conse

124 1531 235 1593 querrdam
246 1530 349 1579 ultimam
362 1527 542 1592 perlectionem,
554 1539 605 1589 quae
618 1526 723 1577 consistit
735 1526 761 1576 in
776 1529 926 1590 perventione

124 1601 152 1650 ad
174 1601 276 1650 ultimum
295 1600 373 1650 inem.
385 1599 424 1660 ¹Et
439 1599 490 1648 ideo
512 1598 557 1648 ille
577 1597 722 1660 operationes
741 1599 927 1663 naturalesque

125 1672 257 1723 ordinantur
272 1671 299 1721 nd
313 1671 408 1734 primam
423 1669 582 1734 perlectionem
597 1671 703 1720 numanae
718 1674 806 1720 natiue
821 1671 860 1720 vel
873 1685 927 1722 cau·

126 1744 233 1804 caudam,
250 1744 287 1792 vel
301 1741 494 1799 conservandam,
514 1751 561 1790 non
579 1743 647 1792 eruut
660 1740 684 1790 in
703 1741 884 1794 resurreetione.
902 1743 927 1792 m

125 1813 256 1876 hujusmodi
271 1817 324 1862 sunt
338 1813 439 1863 actiones
452 1811 558 1862 animalis
573 1810 624 1862 vite
637 1812 662 1860 in
673 1811 777 1872 homine,
786 1814 924 1864 electiones

125 1887 209 1933 mutuae
219 1884 242 1932 in
252 1884 411 1942 clementissi
421 1889 494 1934 contus
507 1883 559 1933 coeli
573 1897 579 1930 ε
594 1885 617 1932 et
630 1881 681 1932 ideo
695 1882 771 1932 omvuia
783 1885 833 1934 luero
848 1897 927 1936 cessa·

126 1955 183 2004 burrt
196 1955 220 2003 in
234 1954 407 2004 resurrectione
422 1955 450 2002 Et
470 1953 523 2016 quia
536 1953 668 2013 comodere,
683 1956 706 2002 et
724 1953 818 2014 litere,
831 1958 858 2005 et
875 1956 926 2006 dor·

125 2026 192 2088 unire,
207 2030 229 2076 et
242 2037 360 2088 generare,
371 2025 400 2074 ad
409 2024 530 2076 animalem
544 2025 613 2074 vitam
627 2022 744 2087 pertinent
752 2061 761 2088 ,
770 2024 823 2074 edm
834 2026 886 2076 sim
899 2028 925 2074 ut

126 2099 223 2161 prinam
241 2095 406 2161 perlectionem
420 2099 506 2148 natura
519 2096 635 2157 ordinata,
652 2095 705 2146 ideo
719 2095 742 2146 in
758 2098 926 2148 resurreetione

126 2169 180 2219 tatia
194 2183 239 2219 non
252 2172 327 2218 erunt.

157 2242 189 2290 lid
206 2241 303 2303 primam
317 2251 371 2301 ergo
385 2239 504 2290 dicendum
515 2278 522 2303 ,
535 2239 596 2304 quiid
610 2238 647 2289 illa
661 2238 830 2300 comestiones
846 2239 926 2288 curis-

126 2317 162 2364 tus
178 2312 291 2372 eomedit,
305 2324 351 2362 non
365 2311 408 2360 tuit
417 2312 575 2374 necessitatis,
589 2310 654 2374 quasi
667 2310 724 2360 sitris
743 2309 863 2372 indigeret
880 2312 925 2360 tuu-

125 2396 193 2432 mana
217 2387 297 2432 natura
317 2386 370 2446 post
389 2385 593 2444 resurrectionum
616 2382 655 2432 sod
675 2381 721 2430 iuit
742 2381 881 2444 potestatis,
900 2386 924 2430 ul

124 2454 253 2504 ostenderet
268 2469 293 2504 se
309 2466 384 2504 reram
406 2457 509 2504 naturam
529 2457 651 2504 humanam
672 2452 842 2516 resumpsisse,
856 2466 923 2517 quarn

123 2524 187 2591 pride
205 2526 315 2576 natuerat
328 2526 353 2576 in
366 2528 427 2576 statu
439 2525 478 2576 illo
491 2525 582 2588 quando
595 2537 648 2574 cunr
657 2521 781 2586 discipulis
794 2523 924 2574 comederat

123 2599 147 2646 et
161 2596 249 2646 biberat
261 2617 267 2645 :
278 2598 327 2647 hee
339 2601 415 2650 autern
430 2597 533 2647 ostensio
546 2609 590 2646 non
606 2593 649 2646 erit
662 2594 792 2646 neccssaria
805 2594 830 2642 in
845 2607 922 2644 resur·

121 2667 221 2718 rectione
236 2669 364 2730 communi,
379 2669 432 2730 quia
446 2667 551 2718 omnibus
564 2671 642 2718 notum
657 2666 710 2716 erit.
723 2667 753 2716 lit
771 2664 824 2716 ideo
837 2665 920 2714 dieitur

122 2738 275 2801 dispensative
296 2739 402 2790 Christus
424 2740 588 2798 manducasse,
610 2750 638 2788 eo
661 2738 727 2788 modo
750 2736 860 2800 loquendi
878 2749 922 2798 ouo

120 2808 209 2859 turistae
223 2809 300 2860 dicunt
316 2811 377 2873 qudd
391 2827 405 2856 v
419 2809 558 2872 dispensatio
571 2813 606 2860 est
620 2808 748 2860 communis
760 2806 822 2872 juris
833 2807 921 2856 relexa-

121 2879 167 2942 tio;
181 2897 195 2927 a
207 2881 260 2944 cruia
274 2881 378 2930 Christus
391 2879 513 2930 intermisit
532 2881 576 2932 troc
590 2881 650 2944 quod
664 2886 700 2931 est
714 2879 866 2930 communiter
880 2891 921 2928 re-
