1954 3314
214 109 245 146 nit
260 107 386 146 admirans
401 107 527 148 CORPORUU
544 109 679 150 nmnonuu.
799 105 845 152 ⁵25

24 183 146 245 qnalibet
161 183 292 234 mutatione
301 195 352 245 qua
365 184 434 234 nabet
443 185 500 234 duos
512 187 635 236 contrarios
647 186 771 250 terminos,
785 201 843 250 quo·

24 269 82 306 rum
103 260 240 317 utrumqne
255 257 291 304 est
303 251 388 316 aliquid
409 254 516 318 positive
530 255 600 306 Seme
620 260 694 307 antem
712 259 747 307 est
759 258 787 306 de
798 257 843 308 iiiia

26 325 213 374 mutationibus
226 337 276 388 qnae
290 323 374 374 habent
386 338 456 374 unum
468 325 589 376 terminum
602 325 690 376 tantum
703 325 843 390 positivum,

26 399 53 447 et
70 407 166 458 puram
180 394 341 457 privationem
350 395 402 456 quia
414 395 474 445 inter
482 393 655 447 'affirmationem
664 399 688 446 et
700 396 844 458 negationem

27 478 72 516 seu
94 465 276 530 privationem,
289 477 335 515 non
349 469 386 514 est
402 465 477 528 aliqua
490 466 637 516 determinata
649 467 764 516 distantia.
780 467 843 518 Unde

27 537 96 600 quod
111 545 153 586 est
173 537 199 585 in
213 535 347 598 negatione,
361 539 437 599 potest
455 549 506 586 esse
522 536 670 600 propinquius
687 538 724 587 uel
737 537 844 588 remotius

29 609 60 658 ab
80 605 259 668 affirmatione,
270 610 294 656 et
310 605 324 656 d
340 618 464 667 converso,
478 607 567 657 rationo
580 607 674 670 aiicujus
687 609 747 671 qnod
765 612 844 658 causat

30 678 139 727 atterum
153 689 243 736 eorum,
252 676 291 728 nel
302 676 401 739 disponit
410 678 438 727 ad
447 690 482 727 ea.
498 677 627 727 Etsiodunr
637 679 660 729 id
670 679 730 741 quod
740 682 844 730 mouetur

31 752 71 798 est
82 751 165 796 totum
181 746 368 808 subrogatione,
381 750 480 796 mutatur
491 746 516 797 in
529 747 700 798 affirmationem
708 783 717 811 ,
726 753 750 799 et
763 747 843 800 deon·

32 819 116 868 trunio.
126 817 197 868 Unde
212 817 280 868 etiarn
291 816 316 866 in
329 817 364 868 eis
375 820 474 867 mutari
483 819 591 881 precedit
602 821 732 870 mutatum
746 833 805 874 erre,
818 825 842 870 nt

33 889 151 952 probatur
172 887 197 936 in
211 888 249 936 Vi.
262 889 359 952 Pityaia.
372 887 418 951 (1).
435 889 483 938 Neo
498 893 533 939 est
541 888 615 939 simile
633 889 666 950 da,
677 893 739 940 rnatu
749 890 841 953 angoti,

35 961 92 1021 quia
102 971 158 1009 esse
169 958 194 1008 in
207 958 258 1010 loon
272 957 387 1021 equivoci
397 958 479 1010 dieitur
490 959 519 1010 de
534 971 627 1024 corpore
636 963 661 1010 et
673 961 701 1010 de
714 961 803 1023 augeio.
814 961 843 1010 Et

37 1030 71 1080 sio
92 1033 161 1094 patet
175 1029 236 1092 quod
252 1030 313 1080 nulio
332 1029 398 1080 modo
417 1034 493 1093 potest
509 1030 634 1094 essequod
652 1031 743 1094 aliquod
757 1044 842 1094 eorpus

37 1101 166 1162 perveniat
181 1101 209 1150 de
224 1113 270 1150 nno
286 1101 337 1150 loro
352 1101 380 1150 ad
395 1100 477 1160 alium,
494 1101 539 1150 nisi
550 1103 650 1150 innonat
662 1101 737 1150 onnia
756 1103 840 1152 media.

71 1171 102 1222 Et
118 1171 174 1222 ideo
190 1171 229 1221 alii
238 1173 281 1221 troo
297 1172 437 1232 concedunt3
450 1173 490 1223 sed
502 1179 579 1222 tamen
595 1171 674 1221 dicunt
686 1171 747 1232 qudd
760 1185 843 1233 eorpus

42 1242 170 1304 gloriosum
182 1245 287 1292 movetur
299 1242 322 1292 in
336 1243 440 1295 instanti.
455 1244 497 1294 Sed
508 1255 538 1292 ox
548 1243 593 1292 hoo
605 1241 707 1303 seqnitur
719 1241 778 1303 qndd
792 1253 841 1290 eor·

43 1327 87 1376 pus
99 1312 224 1376 gloriosum
237 1313 261 1362 in
277 1314 356 1364 nudem
369 1314 463 1363 instanti
477 1313 542 1364 sitin
555 1313 642 1363 dnobus
656 1310 712 1360 iocis
724 1311 792 1362 nnat
804 1311 841 1362 nei

44 1385 158 1446 pluribus,
170 1384 257 1434 soiiieet
267 1385 290 1434 in
300 1385 396 1436 termino
404 1385 495 1448 ultimo,
505 1385 560 1436 etin
571 1383 675 1433 omnihus
685 1381 764 1432 mediis
774 1380 838 1444 loeis3
871 1399 875 1405 ¹

45 1457 104 1520 quod
124 1468 172 1508 nou
186 1457 262 1518 potest
276 1467 333 1505 osse.
348 1455 392 1505 Sed
412 1457 441 1504 ad
457 1456 500 1505 troo
517 1455 595 1506 dicunt
609 1452 669 1518 qndd
690 1451 796 1514 quamuis
810 1453 841 1502 sit

46 1527 107 1577 idem
131 1527 220 1578 instans
239 1526 361 1577 seeundum
382 1540 444 1590 ren,
462 1530 540 1577 tamon
559 1525 635 1576 didert
659 1523 762 1585 rationo,
781 1523 841 1574 siout

47 1599 146 1662 punctus
165 1598 193 1646 ad
215 1609 281 1659 quem
297 1597 446 1647 terminantur
464 1598 559 1647 diuersa
577 1597 652 1648 linere.
671 1593 716 1644 Sed
734 1596 840 1646 huonon

48 1669 141 1730 suidoit,
156 1667 210 1731 quia
226 1667 313 1718 instans
323 1669 489 1718 mensurandae
501 1668 560 1730 qnod
570 1671 605 1716 est
617 1667 641 1716 in
651 1665 745 1715 instanti
758 1675 839 1714 senun-

50 1739 102 1789 dirm
115 1751 172 1801 rem,
181 1743 227 1787 nori
234 1737 357 1788 seeundum
367 1739 427 1801 quod
438 1737 602 1787 consideratur.
612 1736 676 1786 Unde
684 1735 774 1786 diuersa
784 1747 840 1785 onn-

51 1809 156 1860 sideratio
173 1808 279 1858 instantis
299 1821 343 1858 non
358 1808 414 1858 iaoit
432 1807 494 1870 qndd
514 1807 603 1857 instans
623 1807 696 1871 possit
708 1816 840 1857 mensurare

51 1880 88 1930 iiia
105 1893 155 1944 qnae
168 1877 212 1929 non
224 1877 278 1929 s'nnt
290 1879 357 1930 simul
370 1882 487 1944 ternpore3
504 1879 562 1928 sieut
574 1889 617 1928 neo
628 1878 718 1928 diuersa
731 1875 840 1926 conside-

53 1950 108 2000 ratio
127 1949 206 2014 punoti
227 1953 301 2012 potest
318 1949 468 2011 decerequod
488 1949 531 1999 suh
545 1960 591 2000 nno
608 1951 691 2012 puncto
703 1947 750 1997 loni
766 1945 841 1996 eonti-

55 2025 147 2070 neaniur
159 2033 208 2084 qua
220 2025 274 2071 sunt
291 2020 401 2070 distantia
411 2021 466 2070 situ.

88 2164 117 2224 (t)
137 2166 171 2211 sio
180 2165 253 2216 enim,
269 2165 311 2210 tib.
322 2167 369 2224 Vi,
383 2171 438 2211 text.
451 2165 482 2210 td
497 2177 523 2210 no
535 2165 661 2220 deiuoops:
679 2161 748 2219 Qnod
757 2163 841 2206 mnte-

59 2231 113 2280 tnrf
122 2227 220 2272 discedit
233 2227 262 2271 ui
273 2241 298 2272 eo
315 2239 346 2272 oa
354 2239 402 2285 qno
414 2231 542 2276 modoine,
555 2231 578 2272 et
590 2226 709 2282 retinuerit
717 2222 789 2270 a'ttnd
796 2237 805 2274 ,·
819 2226 841 2268 et

59 2295 99 2336 ant
110 2290 172 2334 idem
184 2295 216 2334 eat
226 2290 319 2334 mutari
329 2295 350 2334 et
358 2290 514 2346 relinquere.
528 2293 571 2334 ont
584 2288 723 2344 relinquere
731 2285 841 2342 seqnitur

60 2354 159 2400 mutari,
172 2352 300 2406 reliquisse
311 2353 369 2396 nard
382 2355 625 2400 manutentionem,
638 2349 702 2394 Unde
716 2346 841 2401 concludit,

61 2419 112 2458 tert.
122 2413 157 2464 58,
174 2413 234 2468 quod
246 2415 339 2460 mutari
350 2416 424 2472 prino
442 2417 475 2458 est
490 2413 562 2466 qndm
578 2415 697 2456 mutatum
715 2421 771 2454 ease.
786 2409 841 2461 Quia

62 2476 83 2519 id
97 2473 160 2532 porrd
172 2475 231 2530 quod
247 2481 356 2534 mutatur,
370 2477 396 2525 τὸ
410 2469 555 2544 μεταῧαλλον
563 2472 717 2528 Philosophus
726 2471 840 2528 appodiat,

64 2557 102 2590 neo
117 2547 222 2590 habemus
238 2545 382 2601 participium
400 2555 502 2602 prensens
520 2544 584 2588 uerbi
598 2547 693 2592 muter,
712 2541 764 2586 ideo
778 2552 840 2597 que·

64 2608 111 2652 darn
129 2607 263 2662 exemplaria
281 2607 462 2652 Sententiarum
480 2607 573 2662 tegunt,
588 2609 685 2650 mntonr
698 2605 772 2660 prior
793 2615 841 2646 erre

65 2673 160 2722 matrim
173 2669 212 2712 sed
225 2668 385 2726 erpiioandurn
402 2681 444 2724 pro
462 2679 489 2713 eo
502 2668 562 2723 qnod
573 2664 841 2723 mutaturot'opponitnr

67 2733 86 2775 ei
98 2731 206 2787 quodiam
219 2731 294 2796 reipsa
307 2735 418 2777 mutatum
430 2736 467 2776 est
481 2725 690 2798 (μεταόεῧληκὸς),
701 2739 748 2773 non
761 2737 802 2785 pro
812 2735 841 2770 oo

68 2802 123 2860 quod
135 2807 214 2859 mutat,
226 2808 272 2848 eto.
