1954 3314
115 113 161 159 tao
248 117 449 168 sorrnunsuurorr,
465 119 560 162 onnon.
576 119 674 169 nxxxrv,
688 120 744 156 aar.
763 122 781 156 r.

114 211 156 262 per
168 209 228 248 eam.
243 197 272 246 tlt
284 195 337 259 qnia
351 193 376 242 in
390 194 459 243 rebus
472 193 653 258 corruptibilibus
665 207 711 244 nou
725 195 826 258 perlecta
840 197 926 246 dorni-
957 153 960 228 4

114 273 181 318 natur
199 267 271 318 fornia
283 278 353 330 snper
371 263 505 336 materiam,
519 277 566 316 non
578 265 680 328 perfecte
700 270 779 328 potest
795 266 873 330 ligare
887 268 926 331 ip
957 230 961 335 l

114 353 179 402 sam,
190 339 245 403 quin
258 337 354 401 recipiat
368 335 482 386 interdum
496 348 537 398 per
550 335 647 399 aliquam
659 335 800 398 passionem
812 338 927 402 disposi-

113 411 198 462 tionem
210 408 346 462 contrariam
359 407 447 458 iorrnae.
462 407 504 457 Sed
515 407 539 456 in
552 407 637 456 sanetis
650 411 704 470 post
712 409 923 469 resurrectionem,
959 398 962 438 ¹

113 482 207 534 omuino
221 481 298 530 anima
310 477 462 530 dominabitur
473 491 541 542 supra
555 492 651 542 corpus,
663 491 705 528 nec
716 479 774 530 illud
786 480 924 530 dominium

114 553 190 616 aliquo
203 551 270 602 modo
283 549 368 614 poterit
381 549 465 600 aulerri
475 588 482 610 ,
492 548 546 611 qnia
561 549 611 612 ipsa
623 551 666 600 erit
679 550 859 602 immutabiliter
874 553 923 602 ileo

115 625 230 685 subjecta,
244 623 304 685 qnod
317 635 364 673 non
376 622 420 672 init
438 621 463 671 in
475 625 535 675 statu
549 621 696 674 innocentia.
714 622 743 673 lit
758 623 812 674 ideo
824 625 855 674 in
873 639 925 675 ccr-

115 695 207 758 poribus
226 693 272 744 ibis
291 698 370 745 manet
391 694 469 745 eadem
491 692 595 758 potentia
614 693 642 743 ud
659 693 756 744 formam
772 694 847 745 aliam
869 711 924 760 qne

115 779 177 815 nuno
190 766 254 817 inest
270 769 379 828 qnantum
393 763 422 814 ad
436 763 584 814 substantiam
599 764 720 828 potentiae3
735 765 835 817 sederit
850 767 925 832 ligata
961 763 964 854 l

115 851 156 900 par
169 836 288 887 victoriam
302 835 383 886 anima
392 847 460 899 snpra
478 838 604 900 corpus,ut
618 836 767 900 nunqnamin
778 841 858 888 actum
871 852 925 902 pas
962 855 963 858 ¹

117 907 188 958 sionis
201 907 262 957 exire
278 907 359 971 possit.

148 979 182 1028 td
201 975 296 1028 ‘tertium
311 977 452 1041 dicendum,
470 979 530 1040 quod
548 977 670 1043 qualitates
688 977 844 1030 elementares
870 985 924 1032 sunt

116 1051 268 1100 instrumenta
286 1049 384 1106 anime,
398 1053 423 1099 ut
443 1052 506 1113 patet
522 1048 547 1108 in
566 1051 586 1099 ll
605 1049 641 1098 De
655 1049 744 1098 anima
765 1050 842 1112 (text.
862 1053 924 1114 to),

117 1123 171 1188 quia
185 1121 247 1172 calor
258 1121 318 1184 ignis
328 1121 353 1170 in
362 1134 455 1182 corpore
465 1120 568 1172 animalis
577 1121 694 1184 regulatur
704 1119 729 1170 iu
739 1126 792 1171 actu
800 1124 923 1174 ‘nutriendi

117 1209 158 1260 per
171 1192 277 1243 virtutem
290 1192 380 1243 animae.
396 1193 490 1250 Quando
504 1196 580 1242 autern
595 1205 666 1254 agens
677 1191 806 1256 principale
819 1199 859 1244 est
873 1208 925 1260 per-

117 1268 214 1327 feetum,
225 1269 249 1315 et
260 1279 305 1316 non
320 1269 354 1314 est
367 1263 449 1328 aliquis
462 1265 564 1314 delectus
577 1264 599 1314 iu
611 1265 773 1322 instrumento,
784 1264 850 1315 nulia
862 1267 924 1316 actio

116 1336 219 1400 procedit
235 1337 263 1386 ab
277 1337 443 1394 instrumento,
459 1335 504 1384 nisi
522 1335 646 1385 secundum
663 1335 846 1398 dispositionem
859 1336 923 1402 prin·

117 1409 196 1472 cipalis
212 1408 301 1471 agentis
314 1425 320 1458 :
333 1413 357 1458 et
372 1406 423 1458 ideo
441 1407 465 1456 iu
481 1407 614 1469 corporibus
628 1411 758 1457 sanctorum
775 1412 834 1471 post
847 1423 922 1461 resur·

118 1479 242 1530 rectionem
263 1477 323 1528 nulla
339 1479 399 1528 actia
414 1478 451 1528 rel
464 1478 540 1542 passio
556 1479 639 1542 poterit
653 1473 774 1541 ¹provenire
790 1479 803 1529 l
824 1481 922 1543 qualita-

116 1551 178 1600 tibus
196 1549 388 1610 elementaribus,
403 1562 453 1612 quaa
473 1549 503 1597 sit
521 1553 599 1599 contra
623 1548 800 1612 dispositionem
820 1551 921 1612 anima,

117 1635 168 1684 qua
183 1621 281 1672 intendit
294 1633 428 1670 conseruare
442 1633 532 1683 corpus.

148 1693 182 1744 bd
203 1697 308 1756 quartum
331 1691 465 1754 licendum,
488 1691 548 1754 quod
571 1690 696 1742 secundbm
720 1691 921 1754 augustinumin

120 1765 238 1828 Epistola
248 1763 365 1828 (cxlvi)
380 1763 416 1812 od
432 1763 608 1818 Consentiam,
622 1779 636 1810 a
648 1761 709 1812 ualet
723 1763 802 1814 divina
816 1763 922 1828 potentia

119 1837 147 1885 de
164 1835 208 1884 ista
221 1835 306 1884 visibili
320 1838 388 1898 atque
404 1833 513 1884 tractabili
533 1837 612 1884 natura
630 1847 763 1898 corporum,
785 1835 922 1898 quibusdan

119 1906 274 1965 manentibus,
286 1906 375 1956 auferre
388 1919 445 1968 quaa
457 1906 556 1956 voluerit
566 1905 695 1970 qualitates.
707 1921 721 1952 u
733 1906 808 1966 Unde,
818 1908 882 1958 sicut
894 1907 921 1954 ab

119 1980 172 2042 igne
181 1978 280 2028 fornacis
292 1976 447 2027 ebaldaororu
461 1977 555 2026 abstulit
566 1977 673 2029 virtutem
687 1978 839 2030 comburendi
850 1991 920 2044 quan·

119 2055 167 2099 turn
182 2050 210 2098 ad
224 2047 326 2110 aliquid,
341 2047 394 2110 quia
408 2061 502 2112 corpora
517 2061 638 2113 puemrnm
658 2048 729 2099 illesa
742 2054 834 2100 serrata
849 2053 918 2109 snut,

118 2121 158 2170 sed
179 2119 263 2168 mansit
277 2122 385 2181 quantum
400 2119 427 2168 ad
440 2119 539 2182 aliquid,
557 2119 610 2183 quia
624 2119 685 2182 ignis
699 2119 738 2170 illa
748 2119 812 2184 ligna
826 2121 919 2171 combu-

119 2192 184 2241 rebat
202 2205 209 2239 :
229 2191 262 2239 ita
276 2190 365 2241 auferet
379 2190 407 2239 ab
426 2189 559 2242 immanibus
572 2190 760 2255 passibilitatem,
774 2195 799 2242 et
819 2191 920 2242 dimittet

118 2265 230 2311 naturam.
248 2262 326 2312 Modus
339 2265 416 2311 autom
431 2262 531 2324 quoboo
542 2259 596 2324 liat,
614 2261 689 2312 dictus
702 2265 746 2312 est.

151 2332 185 2382 ad
196 2331 299 2395 quintum
311 2331 448 2391 dicendum,
458 2331 518 2394 qubd
529 2331 647 2383 cicatrices
660 2332 780 2383 vulnerum
788 2345 837 2383 non
851 2333 918 2384 eruut

120 2404 144 2454 in
163 2404 260 2466 sanetis,
276 2416 319 2454 uec
339 2403 364 2452 in
383 2404 474 2455 cbristo
494 2403 600 2462 inerunt,
615 2402 640 2453 in
660 2406 771 2466 quantum
793 2403 918 2466 important

119 2475 218 2538 aliquem
232 2475 362 2539 delectum3
376 2475 450 2526 sedin
463 2478 573 2540 quantum
584 2479 638 2524 sunt
649 2474 714 2538 sigua
726 2474 917 2525 constantissime

121 2545 228 2607 virtutis,
245 2559 289 2610 qua
303 2547 366 2610 passi
381 2551 434 2597 sunt
449 2559 490 2611 pro
503 2545 592 2610 justitia
612 2550 635 2596 et
646 2545 698 2596 lide.
715 2546 780 2596 Unde
797 2545 853 2596 dreit
867 2549 917 2594 An-

121 2617 240 2681 marinus,
256 2619 317 2670 llllll
328 2619 364 2668 De
379 2619 460 2669 civit.
475 2619 523 2666 Dei
537 2619 604 2681 (cap.
618 2621 647 2667 19
655 2628 678 2673 i:
691 2617 794 2668 «Nescio
808 2617 917 2682 quomodo

120 2689 155 2738 sio
173 2688 287 2739 aidcimur
299 2701 375 2740 amore
391 2693 515 2753 martyrum
537 2689 669 2748 beatomm,
682 2691 708 2737 ut
728 2687 826 2738 velimus
842 2689 866 2736 in
878 2687 914 2735 illo

120 2771 190 2821 regno
210 2760 233 2808 in
249 2772 328 2810 eorum
344 2759 476 2824 corporibus
494 2757 570 2808 nidera
583 2759 702 2809 ruinarum
717 2757 852 2820 cicatrices,
867 2771 915 2821 qna

121 2844 162 2891 pro
178 2831 263 2881 Christi
275 2831 367 2882 nomine
379 2830 532 2894 pertulerunt,
549 2835 572 2878 et
592 2831 689 2881 tortasse
705 2830 856 2884 ridebimus:
872 2842 914 2879 non
