1924 3322
312 131 343 168 us
358 132 560 172 assunaecrmrrr.
787 124 833 172 trs

13 208 123 260 Christe
139 206 284 272 resurgenti3
297 209 356 260 unde
372 211 392 260 1.
410 209 479 268 Gor„
499 210 552 272 XV,
566 209 681 260 concludit
698 210 832 274 Apostolus,

9 280 78 345 quod
99 297 118 328 or
131 280 159 330 si
179 279 284 330 Christus
295 282 433 343 resurrexit,
449 285 472 332 et
487 294 528 332 nos
543 295 697 344 resurgemus.
712 298 726 328 u
742 281 788 332 Sed
801 283 833 332 ini

12 352 59 403 soii
77 352 179 402 debent
191 350 281 404 Christo
296 353 421 416 resurgenti
441 353 586 414 conformari,
602 353 641 418 qui
660 353 780 418 imaginem
794 354 834 418 ip-

11 425 65 473 sius
84 427 263 487 por-teremnt,
274 424 334 488 quod
345 423 467 476 estsoidm
481 425 602 478 tonorum.
615 425 675 488 Ergo
689 425 734 490 ipsi
743 425 786 477 soli
799 439 834 477 re·

12 500 135 560 surgent.
733 552 736 570 1

48 573 74 618 t.
91 570 229 632 Praeterea,
242 581 310 633 poena
329 583 375 620 non
393 569 527 630 dimittitur,
546 569 591 620 nisi
612 567 686 620 ablati
698 567 773 633 culpi.
788 571 835 620 Sed

16 653 86 689 mors
109 639 242 702 corporatis
257 644 293 690 est
312 653 379 704 prena
391 641 482 705 peccati
499 639 623 706 originalis.
638 642 699 704 Ergo
717 640 767 690 cim
787 653 834 692 non

15 711 138 762 omnibus
159 711 189 762 sit
202 711 320 763 dimissum
334 712 443 776 originate
460 717 595 778 peccatum,
606 725 653 762 non
670 725 749 763 omnes
759 725 835 764 resur·

15 786 87 846 gent.
697 795 698 798 ’

50 860 76 905 5.
95 857 235 919 Preterea,
246 853 304 905 sieut
317 869 358 920 per
371 855 464 920 grutium
478 855 567 906 Christi
584 855 730 919 renascimur,
746 856 777 906 ita
795 869 835 920 per

18 927 128 989 gratiam
150 927 202 990 ejus
212 940 364 990 resurgemus.
375 923 467 978 senno
483 927 522 990 qui
540 927 566 976 in
584 928 692 978 maternis
703 929 774 978 uteris
787 940 836 979 mo·

17 999 138 1061 riuntur,
156 1013 273 1062 nunquam
286 1004 394 1064 poterunt
406 999 503 1050 renasci.
519 999 578 1062 Ergo
592 1013 635 1050 uec
646 1011 762 1064 resurgere
771 1004 836 1064 pote-

16 1076 85 1133 runt,
106 1075 138 1121 et
152 1071 187 1121 sio
202 1083 337 1121 nouomnes
347 1075 475 1131 resurgent.
867 1120 869 1126 .

52 1142 106 1193 Sed
126 1145 211 1194 contra
228 1147 279 1204 est,
294 1142 449 1205 quoddioitur
462 1144 561 1196 teano..
578 1141 596 1188 V
614 1155 622 1191 t
639 1143 747 1192 «omnes
758 1143 797 1206 qui
810 1142 836 1194 iu

19 1213 192 1264 monumentis
206 1217 273 1276 sunt,
282 1212 379 1264 audient
388 1225 469 1264 vocem
483 1211 535 1262 Filii
548 1211 605 1276 [tet3
620 1213 695 1277 etqui
712 1213 834 1277 audierint,

19 1284 118 1336 uiuent.
131 1302 146 1333 a
161 1285 407 1349 Ergoomnesmortui
421 1287 549 1347 resurgent.
581 1301 583 1304 ·
840 1323 841 1326 η

53 1357 196 1418 Praeterea,
209 1358 227 1406 1.
243 1357 371 1413 derisit..
387 1357 441 1419 xi,
456 1355 555 1406 dicitur:
573 1355 682 1406 somnes
696 1357 788 1420 quidem
802 1370 837 1408 re·

19 1441 164 1491 surgemus,
174 1425 188 1476 ›'›
200 1435 245 1481 etc.

55 1501 194 1562 Praeterea,
207 1499 342 1552 resurrectio
355 1499 382 1550 ad
393 1502 437 1552 hoc
449 1499 578 1552 necessaria
592 1503 642 1560 est,
656 1502 681 1548 ut
693 1505 838 1564 resurgentes

25 1574 150 1638 recipiant
166 1587 208 1638 pro
224 1573 310 1641 meritis
323 1583 412 1637 prunam
429 1574 466 1624 uei
479 1573 608 1637 premium.
623 1573 667 1624 Sed
679 1573 783 1624 ememus
798 1575 838 1624 de-

24 1645 98 1696 betur
122 1647 162 1696 uei
176 1659 244 1710 poena
261 1650 298 1696 vet
312 1645 446 1710 premium,
461 1646 499 1696 uei
514 1657 556 1710 pro
575 1646 657 1695 merito
674 1643 765 1709 proprio
779 1646 839 1697 sicut

26 1717 116 1768 adultis
127 1756 135 1779 ,
146 1718 188 1768 ‘rel
203 1731 244 1782 pro
258 1717 338 1768 merito
358 1717 432 1768 alieno
444 1717 504 1768 sicuti
516 1716 625 1781 parvulis.
640 1717 699 1781 Ergo
713 1729 792 1768 omnes
803 1732 838 1770 re·

28 1795 143 1853 surgent.
204 1829 207 1833 ι

62 1861 231 1927 (Coucnusro.
240 1889 272 1899 -
281 1861 337 1912 cnm
352 1861 412 1912 untia
423 1860 498 1912 anime
509 1859 620 1925 perpetuo
633 1860 707 1925 possit
720 1862 733 1913 i
744 1876 840 1928 corpora

28 1935 156 1998 separari,
171 1947 265 1986 necesse
283 1937 319 1986 est
332 1934 391 1986 sicut
405 1948 490 2000 unum,
505 1933 538 1984 ite
552 1938 575 1984 et
595 1947 674 1986 omnes
687 1949 813 2000 resurgere.
828 1936 836 1998 )

61 2007 205 2072 Respondeo
224 2007 357 2068 dicendum,
375 2005 436 2070 quid
459 2019 486 2056 ea
504 2019 599 2071 quornm
622 2007 678 2057 ratio
695 2009 792 2058 sumitur
810 2022 839 2060 ex

29 2080 116 2128 natura
134 2077 235 2141 speciei,
246 2082 335 2142 oportet
344 2077 447 2128 similiter
457 2077 556 2128 inueniri
569 2076 594 2126 in
608 2078 774 2141 omnibusque
786 2083 841 2130 sunt

31 2150 143 2210 ejusdem
162 2148 255 2212 speciei.
274 2149 334 2200 Talis
349 2153 425 2200 antem
443 2153 479 2199 est
492 2149 641 2209 resurrecti03
656 2151 707 2200 haee
724 2149 785 2198 euim
804 2153 840 2200 est

30 2219 85 2281 eius
99 2219 161 2271 ratio
173 2220 210 2284 (nt
219 2233 249 2270 err
257 2219 323 2271 dictis
333 2219 415 2286 patet),
426 2220 485 2285 quod
496 2221 570 2269 anima
579 2219 750 2285 inperfectione
759 2221 840 2272 ultima

33 2291 126 2352 speciei
141 2294 247 2342 humanae
270 2305 321 2343 esse
343 2306 389 2344 non
410 2295 485 2357 potest
498 2291 511 2342 t
524 2303 618 2356 corpore
640 2295 752 2354 separata.
776 2292 841 2343 Unde

34 2363 101 2414 nulla
119 2365 196 2414 anima
212 2363 236 2413 in
250 2369 384 2429 perpetuum
402 2364 528 2414 remanebit
542 2363 555 2414 d
572 2376 666 2428 corpore
680 2366 800 2426 seperate:
818 2365 841 2414 et

36 2431 90 2484 ideo
105 2446 200 2487 necesse
215 2437 338 2497 est,sicnt
357 2449 442 2500 nunno,
455 2435 488 2486 ite
502 2440 525 2486 et
543 2449 623 2486 omnes
635 2447 761 2496 resurgere.
836 2437 842 2444 '

69 2507 103 2558 Ad
123 2507 230 2574 primum*
240 2521 294 2572 ergo
308 2509 440 2571 dicendum,
451 2507 510 2572 qnod
524 2507 622 2574 loquitur
637 2508 664 2556 de
675 2505 788 2570 spirituali
802 2517 843 2557 re-

36 2579 199 2644 surrectione,
219 2595 263 2645 que
277 2581 342 2646 impii
356 2593 402 2630 non
415 2583 539 2643 resurgunt
553 2579 577 2630 tn
589 2579 674 2643 judicio
693 2577 843 2630 discussionis

6 2673 8 2684 ·
37 2651 207 2716 conscientiae,
227 2656 252 2701 ut
265 2649 347 2706 'Glossa
365 2653 467 2717 exponit.
485 2652 526 2702 Vei
543 2651 643 2714 loquitur
664 2651 692 2701 de
706 2649 784 2713 impiis
802 2650 842 2716 qni

40 2725 97 2772 snut
110 2723 206 2774 omniuo
218 2723 336 2787 infideles,
351 2726 390 2789 qni
405 2737 450 2776 uon
463 2727 583 2786 resurgent
596 2725 622 2772 ut
633 2722 779 2788 judicentur;
793 2721 843 2786 jam

36 2793 101 2842 enim
113 2795 214 2858 judicati
225 2799 288 2846 eunt.
832 2786 835 2802 ¹

71 2867 105 2918 tid
122 2867 252 2920 secundum
273 2868 409 2933 dicendum,
429 2867 491 2935 quod
512 2865 650 2931 Augustinus
667 2866 723 2934 (tit.
745 2867 786 2918 XX
806 2865 844 2916 Dc
