1948 3312
222 153 256 190 nn
270 153 399 198 aunurtrn
412 154 486 192 rruruu
501 155 557 194 enar
573 155 694 194 urniorum.
805 152 853 202 tta

48 223 155 276 formam
171 227 273 288 amittit,
284 230 307 278 et
320 240 349 279 ex
363 229 530 294 portatorum,
544 242 595 293 qua
606 231 658 282 artu
668 242 714 280 nou
724 235 814 296 munet3
828 237 852 284 et

48 294 85 344 ein
102 297 176 348 nulio
192 299 261 350 modo
279 298 364 349 habent
380 299 480 350 ordinem
493 301 522 351 ad
539 300 738 365 incorruptionem.
755 301 852 354 Uniain

47 363 89 415 itin
106 365 266 420 innovatione
283 377 328 421 non
341 369 476 433 manebunt,
490 373 531 424 aeri
547 372 595 426 tota
606 381 634 424 et
648 383 699 434 oue
716 369 776 424 diota
788 376 851 423 aunt.

80 437 233 502 Adpmmnm
240 451 293 502 ergo
302 440 430 504 uiuendum,
439 440 498 505 quon
508 441 639 506 hujusmodi
645 452 738 504 corpora
748 441 852 493 dicuntur

46 517 106 558 eane
120 509 156 560 ad
167 513 276 561 ornatum
289 511 460 576 momentorum,
473 511 498 563 in
506 517 615 577 quonium
626 510 722 564 rumim
736 511 815 563 rotun
827 515 852 564 at

45 577 158 638 paesium
169 581 290 642 generales
297 592 350 644 una
364 585 418 632 eunt
431 581 456 632 in
469 582 603 644 elementis,
614 581 643 633 ad
658 581 769 644 speciales
782 583 851 634 totio·

45 651 295 714 norcomannorum
316 657 339 704 et
352 652 404 705 ideo
416 654 510 705 suntad
527 655 631 703 ornatum
649 652 811 704 elementorum
826 654 850 706 in

45 721 115 770 atatn
132 720 234 772 wtionie
248 725 274 773 et
288 722 410 786 paratonio.
425 723 472 776 Sed
488 723 527 774 iu'o
543 726 616 775 etatm
631 722 657 773 in
671 723 791 776 nomentio
803 735 850 776 non

45 792 194 843 remanebit.
211 793 277 844 tinia
289 805 334 844 neo
345 793 451 846 animatia
463 805 506 844 nee
524 793 614 857 piautae
621 804 740 845 remunero
752 799 849 859 oportet.

79 860 119 911 Μ
129 863 260 914 seeundum
269 863 398 926 direntium,
413 863 473 928 quod
483 861 649 924 neoanimaiie,
658 864 850 928 moptnntameo

47 927 133 994 aliqua
143 933 191 983 aiir
199 945 308 998 empore,
318 935 343 986 in
356 934 504 986 miuiatrundo
514 932 599 984 nomini
610 933 696 997 aliquid
709 943 849 999 memeruut,

46 997 105 1052 nam
115 1002 224 1056 literato
232 1005 320 1058 arbitrii
332 1009 430 1058 ormont
442 1005 487 1056 Sati
500 1017 541 1069 pro
553 1006 617 1055 tanto
630 1003 736 1058 uimntur
747 1007 850 1071 quiedam

47 1074 308 1137 norpomrenrnarari,
317 1076 371 1140 quia
379 1076 448 1126 iromo
458 1073 543 1126 merrrit
550 1079 576 1124 ut
583 1073 621 1125 iilo
628 1073 789 1128 innovarentur
797 1091 849 1142 poe

49 1141 79 1190 ad
99 1141 276 1196 innovationem
294 1145 395 1196 ordinem
408 1146 500 1196 trient.
515 1144 599 1196 rante
615 1147 690 1196 tutam
703 1148 727 1196 et
742 1145 849 1198 animalia

48 1221 100 1262 non
114 1213 205 1266 hahent
212 1216 316 1266 ordinem
328 1217 356 1268 ud
368 1216 535 1268 innovationem
547 1213 737 1279 incorruptione,
748 1220 774 1266 nt
789 1229 847 1280 pran-

48 1279 142 1336 tinem
159 1287 204 1336 aot.
222 1286 287 1336 Unde
302 1299 330 1337 ex
340 1287 385 1338 imo
397 1287 465 1338 trono
479 1297 525 1337 non
535 1285 618 1338 meruit
634 1288 660 1336 ut
676 1285 846 1346 innovarentur,

49 1351 107 1415 quia
116 1354 199 1407 nullan
205 1360 280 1420 potent
288 1357 352 1410 atteri
358 1357 440 1409 mereri
447 1356 493 1408 nini
500 1356 524 1407 iu
531 1355 597 1420 oujno
604 1359 725 1421 notemur,
730 1368 773 1407 neo
779 1355 847 1408 etiam

49 1422 104 1486 ipae
118 1426 169 1477 aibi
188 1427 242 1492 ipsi.
256 1427 332 1490 Unde,
345 1428 415 1480 etium
429 1429 481 1482 orto
496 1425 557 1492 quiri
574 1426 677 1478 animalia
691 1426 756 1477 bruta
769 1439 848 1480 mota-

49 1499 136 1548 rentor
146 1497 175 1548 in
182 1498 309 1550 ministerio
316 1499 424 1561 hominio,
435 1503 566 1550 nontamen
577 1501 654 1548 eooent
661 1497 798 1548 innovanda.

81 1567 122 1618 Ari
135 1568 230 1618 tertiora
242 1569 376 1631 dicentium,
391 1569 453 1634 quon
463 1568 523 1620 oinut
534 1567 644 1633 perfectio
656 1567 755 1619 hominia
767 1567 848 1619 mulii-

28 1642 32 1648 ·
49 1632 149 1696 pliciter
166 1639 291 1702 minuatur
303 1640 349 1702 (ent
361 1640 422 1690 anim
435 1638 546 1703 punientia
559 1642 643 1688 nature
656 1635 752 1689 condita
767 1639 791 1687 ot
806 1650 848 1688 na-

51 1708 115 1758 turae
136 1707 266 1770 gioriiioutar
275 1710 299 1772 ),
313 1710 346 1760 ita
362 1709 429 1760 etiam
442 1707 553 1772 persentio
571 1705 673 1758 uniuersi
693 1708 728 1758 eet
743 1705 844 1770 duplex:

49 1785 119 1839 nna,
135 1777 259 1828 secundum
271 1782 353 1829 statum
365 1779 434 1842 hujus
447 1775 615 1840 mutabilitatis3
627 1776 712 1838 attera,
724 1773 845 1826 secundum

51 1848 144 1897 atattmn
164 1846 246 1899 futuro}
264 1848 478 1900 novitatis.Piuntae
495 1847 610 1896 autumet
628 1844 734 1896 animalia
746 1848 799 1896 eunt
818 1845 845 1896 de

52 1915 199 1976 portentione
210 1917 272 1968 iiiios
284 1917 406 1971 saturnium
418 1921 501 1968 etatum
517 1915 601 1974 istum,
612 1928 656 1967 non
673 1918 747 1966 autem
766 1927 847 1966 secun·

54 1982 113 2036 tirim
121 1989 206 2039 etatum
218 1987 325 2040 nouitatis
334 1988 405 2052 illiue,
412 1986 465 2038 oum
476 1985 577 2038 ordinem
588 1985 617 2034 ari
624 1996 673 2034 earn
685 1997 729 2033 non
739 1983 844 2033 habeant.

86 2055 242 2118 inquantum
258 2057 385 2120 dicendum,
399 2056 459 2120 quod
470 2054 574 2120 quamuis
591 2052 696 2104 animalia
712 2055 735 2102 et
753 2052 845 2116 planto,

55 2129 171 2188 quantum
181 2127 210 2177 tt
218 2126 302 2190 aliqua,
311 2127 356 2178 sint
366 2126 474 2178 nobiliora
487 2125 554 2188 quim
566 2123 618 2188 ipen
631 2123 756 2181 elementa,
771 2123 847 2197 tamen

55 2199 171 2256 quantum
183 2197 212 2248 nri
221 2197 323 2249 ordinem
335 2194 523 2258 inoorruptionio,
537 2195 648 2246 elementa
660 2193 713 2242 aunt
728 2187 846 2250 nutritore,

56 2269 84 2316 ut
96 2277 128 2316 ax
136 2265 204 2316 dictis
216 2271 288 2330 patet.
661 2327 667 2337 ⁴

89 2335 126 2386 au
135 2335 239 2398 quintum
252 2337 384 2397 dicendum,
397 2333 458 2400 quoi
469 2333 577 2385 normalis
592 2326 749 2406 appetituatd
763 2338 849 2390 iiiit-

58 2407 180 2468 tuitatem,
194 2409 234 2472 qui
243 2409 303 2460 inest
313 2407 445 2458 animalibus
455 2409 480 2455 et
493 2401 589 2468 plantio,
605 2403 641 2451 eet
653 2397 797 2474 aoorprantm
809 2409 846 2449 ee-

58 2475 159 2528 oundirm
177 2479 279 2529 ordinem
292 2479 320 2528 nri
335 2480 420 2526 motum
433 2473 499 2534 nonii,
512 2474 637 2523 nitentum
650 2466 738 2518 animet
757 2478 782 2518 nn
796 2479 847 2518 erre

58 2553 207 2611 permaneant
226 2551 336 2612 quantum
356 2548 431 2596 mutuo
443 2542 494 2594 cmii
514 2539 617 2601 donanim
639 2533 758 2590 nonenim
772 2541 847 2600 potest

61 2629 109 2668 esse
118 2617 234 2682 appetitum
246 2617 270 2666 in
280 2616 363 2667 etiamn
375 2617 403 2664 ut
415 2612 546 2676 permanent
560 2609 618 2658 ultra
630 2615 721 2684 oausam
731 2617 803 2684 suam.
818 2607 847 2656 iit

60 2687 128 2748 iton,
140 2689 161 2738 ei
176 2688 281 2740 oeeeaute
292 2683 360 2746 primi
368 2682 457 2734 mobilia
466 2683 529 2730 motu
534 2709 543 2742 ,
557 2678 641 2741 pionte
651 2679 674 2727 et
682 2675 786 2726 ammaim
800 2687 846 2726 non

62 2761 193 2810 remaneant
205 2753 328 2808 seeundim
346 2752 460 2816 speciem,
473 2760 518 2799 nou
530 2745 629 2812 seqnitur
643 2745 769 2812 appetitum
780 2748 846 2796 ortu·

63 2831 131 2880 rotem
144 2823 256 2878 iruatrari.
826 2834 829 2838 ·
