1980 3320
311 199 341 235 ou
357 197 460 235 nurnero
474 197 618 236 cousensus.
828 191 857 240 tt

59 278 107 328 rere
122 277 238 342 baptizat.
256 275 316 340 Ergo
333 277 356 325 ει
375 274 415 338 qni
434 276 548 326 contrahit
569 289 620 326 cum
641 273 716 340 aliqua
732 275 859 330 intentione

58 350 128 411 lucri,
143 359 229 399 uerum
244 349 280 398 est
293 345 470 397 matrimonium.

18 455 19 472 l
86 424 220 482 Praeterea,
237 420 283 470 hoc
295 417 355 469 idem
371 419 466 482 probant
479 419 582 485 exempla
600 423 624 470 ει
645 419 794 474 auctoritates
807 434 857 486 qua

57 496 172 555 ponuntur
185 491 212 541 in
224 490 311 542 littera.

86 565 254 626 (concussio.
273 589 304 602 -
317 562 483 614 Matrimonium
504 576 533 615 eu
546 575 658 616 consensu
673 563 702 616 ob
713 565 857 616 inhonestam

58 649 163 698 cansam,
187 648 272 686 uerum
290 633 458 686 matrimonium
478 639 525 698 est,
542 647 670 700 quanquam
693 635 810 701 culpabilis
829 637 859 688 sit

18 711 19 720 ¹
58 708 191 772 hujusmodi
213 707 369 768 cousensus.)

86 779 228 845 Respondeo
242 778 374 842 dicendum,
387 777 447 842 qnod
457 791 524 829 causa
534 777 607 830 linaiis
619 779 767 844 matrimonii,
783 783 860 846 potest

58 853 128 916 accipi
142 849 277 916 dupliciter3
289 849 376 901 scilicet
385 863 426 914 per
436 863 460 902 sc
471 854 495 900 et
512 864 552 915 per
572 851 687 904 accidens.
701 853 746 904 Per
764 866 789 904 se
805 852 861 918 qni-

57 925 106 974 dem
122 935 194 974 causa
208 919 349 973 matrimonii
363 926 414 986 est,
430 923 458 973 ad
472 935 540 988 quarn
554 922 724 976 matrimonium
738 929 773 976 εει
788 923 816 974 de
834 935 859 977 sc

57 997 196 1047 ordinatum.
213 995 242 1044 Et
255 994 303 1044 huc
316 1007 406 1058 semper
418 994 478 1047 hona
492 999 543 1059 εει,
559 995 647 1047 scilicet
661 998 791 1060 procreatio
806 1009 860 1061 pro·

57 1067 98 1130 lis,
114 1071 140 1119 ει
159 1065 244 1116 vitatio
263 1064 428 1118 lomlcationls.
446 1067 491 1118 Sed
510 1080 551 1132 per
573 1067 677 1128 accidens
696 1081 763 1119 causa
785 1067 859 1117 hnahs

58 1140 128 1204 ipsius
141 1141 179 1189 est
193 1139 239 1188 hoc
252 1137 312 1202 qnod
325 1141 483 1190 contrahentes
496 1139 657 1190 intenduntur
670 1139 822 1191 matrimonio.
830 1140 859 1188 ht

57 1212 168 1274 quiahoc
185 1209 249 1272 quod
262 1222 291 1260 ex
305 1208 447 1261 matrimonio
461 1210 596 1271 intenditur,
614 1211 758 1274 consequitur
771 1211 799 1262 ud
811 1223 858 1261 nra-

58 1281 208 1344 lrlnoninm‚
223 1284 247 1347 et
267 1281 342 1345 priora
360 1294 406 1333 non
422 1281 538 1333 uariantur
556 1296 585 1333 er
597 1283 777 1348 posterioribus,
789 1283 829 1334 sed
847 1281 861 1332 e

59 1367 178 1417 conuerso,
189 1353 243 1404 ideo
261 1365 290 1404 ex
304 1353 343 1404 iila
359 1365 426 1405 cansa
437 1369 484 1406 non
497 1354 578 1419 recipit
588 1354 756 1406 matrimonium
772 1354 861 1404 bonita-

18 1489 19 1494 ἵ
61 1430 103 1476 tem
123 1427 164 1476 rel
187 1425 314 1487 malitiam,
331 1425 372 1476 scd
384 1426 429 1490 ipsi
449 1427 623 1490 contrahentes,
639 1439 734 1490 quorum
754 1428 791 1476 εει
808 1424 862 1474 linis

18 1515 19 1520 ¹
61 1511 96 1560 oen
106 1513 142 1550 se.
159 1499 192 1548 ht
208 1495 263 1561 quia
277 1510 352 1548 causae
370 1511 411 1562 per
426 1499 533 1550 accidens
551 1503 603 1550 sunt
622 1497 731 1564 infinitae,
744 1498 795 1549 ideo
808 1496 861 1547 inli-

64 1569 109 1622 nitae
122 1570 186 1621 tales
199 1583 273 1620 cause
282 1574 380 1634 possunt
388 1583 437 1622 esse
447 1571 470 1620 in
481 1571 639 1638 matrimonio,
650 1585 746 1639 quarum
759 1571 861 1636 quedem

61 1645 107 1691 snut
120 1642 233 1692 honeste
247 1644 271 1690 et
284 1641 388 1704 quaedam
405 1641 541 1694 inhonestae.

88 1715 120 1764 hu
143 1712 249 1778 primurn
261 1724 315 1776 ergo
329 1711 448 1764 <licendum
456 1752 466 1779 ,
477 1714 537 1780 qnod
550 1728 630 1766 verum
644 1718 679 1765 est
692 1716 720 1766 ds
735 1711 804 1768 censa
819 1727 860 1778 per

61 1797 82 1835 se
96 1788 120 1836 et
132 1783 269 1849 principali.
278 1783 323 1834 Sed
336 1783 396 1847 quod
408 1785 478 1837 hahet
489 1799 559 1837 ununr
572 1785 641 1836 linem
654 1797 695 1850 per
709 1799 734 1838 se
745 1784 861 1851 principa-

60 1855 110 1920 len,
123 1859 206 1921 potest
219 1855 305 1906 hahere
317 1853 393 1920 plures
404 1855 462 1910 fines
474 1857 624 1912 secundarios
632 1870 674 1921 per
683 1871 718 1922 se,
724 1862 748 1910 et
758 1857 861 1910 infinitos

60 1940 98 1990 per
112 1929 234 1980 accidens.
732 1969 734 1976 ,

90 2001 126 2052 hul
139 1999 270 2053 secundum
282 1999 420 2066 dicendum,
430 1997 493 2066 qnod
506 2002 637 2067 conjunctio
649 2005 725 2067 potest
740 2001 812 2066 accipi
822 2013 863 2066 pru

62 2072 110 2136 ipsa
125 2071 243 2124 relatione
256 2085 307 2136 que
323 2076 359 2123 εει
378 2073 564 2138 matrimonium,
576 2077 600 2126 ει
619 2076 672 2126 talis
691 2087 780 2139 semper
798 2077 834 2126 εει
849 2072 863 2122 a

62 2145 123 2209 Deo,
137 2149 163 2197 et
178 2146 241 2196 hona
253 2148 297 2208 est,
309 2143 473 2208 aqnacumque
483 2145 523 2196 liat
537 2159 618 2210 causa3
627 2147 663 2197 vel
672 2160 713 2210 pro
725 2149 776 2196 actu
787 2157 867 2195 eorum

18 2275 19 2280 ἵ
63 2216 101 2278 qui
122 2217 316 2281 conjunguntur,
334 2214 402 2266 etsie
417 2220 452 2266 εει
465 2217 600 2282 quandoque
619 2219 692 2281 mala,
710 2221 733 2267 et
749 2229 795 2267 non
809 2213 869 2264 esth

18 2293 19 2356 l
64 2288 122 2352 ileo,
134 2288 273 2352 simpliciter
286 2289 410 2352 loquendo.
426 2289 474 2340 Neo
486 2293 523 2340 cst
533 2289 697 2342 inconveniens
712 2287 773 2352 quod
787 2285 869 2350 aliquls

66 2361 161 2412 ellectns
180 2359 212 2410 sit
224 2359 239 2410 lc
249 2361 313 2422 ileo,
330 2359 395 2424 cnjus
406 2371 475 2412 causa
489 2363 524 2411 εει
536 2361 609 2423 mala,
620 2361 679 2412 sicut
687 2359 765 2425 proles
778 2371 829 2422 orna
838 2371 867 2409 ex

66 2432 177 2484 alultmio
196 2429 328 2496 suscipitur3
344 2443 391 2482 non
406 2431 468 2482 enirn
483 2435 518 2482 εει
531 2443 560 2482 ex
574 2432 613 2482 illa
629 2444 698 2482 eausa
716 2429 742 2480 iu
757 2432 867 2494 quantum

66 2509 100 2556 cst
112 2505 189 2565 mala,
201 2503 244 2554 sed
258 2503 283 2552 iu
301 2507 410 2568 quantum
425 2503 495 2555 hahet
508 2503 594 2568 aliquid
614 2505 642 2554 lle
656 2503 730 2564 hono,
745 2500 867 2552 secundum

65 2577 122 2642 quod
136 2581 175 2628 εει
192 2575 207 2626 ι
221 2575 283 2640 ileo,
299 2576 403 2639 quamuis
417 2588 463 2626 nou
475 2575 608 2642 simpliciter
621 2576 651 2626 sit
665 2573 679 2624 h
694 2573 749 2625 Deo.
814 2621 820 2629 .

94 2649 128 2699 hd
140 2647 238 2700 tertium
256 2646 391 2710 dicendum,
407 2645 467 2712 quod
481 2647 578 2698 intentio
590 2645 696 2696 Ecclesia
710 2658 754 2708 qua
764 2643 863 2694 intendit

66 2724 232 2771 merameutunn
243 2719 345 2781 tradere,
358 2722 394 2770 est
402 2718 430 2769 de
442 2718 577 2770 necessitate
587 2716 710 2780 csujnslihet
718 2715 863 2776 sacramenti,

18 2785 19 2792 ’
66 2791 96 2842 ita
107 2791 170 2856 quod
186 2791 215 2841 ει
229 2803 276 2841 non
293 2789 430 2851 observati,
440 2789 499 2840 nihil
515 2789 539 2838 in
558 2788 707 2840 sacramentis
717 2787 799 2850 agitur.
817 2786 863 2834 secl

69 2862 166 2914 intentio
178 2861 288 2914 Ecclesiae
308 2875 352 2926 qua
369 2861 468 2912 intendit
479 2859 600 2912 utilitatem
615 2871 644 2908 ex
657 2861 798 2908 sacra-ento
811 2867 863 2918 prc-

70 2933 208 3001 serentem,
218 2937 256 2987 cst
266 2935 294 2986 de
307 2932 365 2984 bene
377 2947 427 2985 esse
438 2929 587 2994 sacramenti,
600 2931 624 2981 ει
632 2941 678 2980 non
686 2929 714 2980 de
727 2924 862 2978 necessitate

768 3019 796 3069 ΞΩ
