1998 3326
126 173 158 222 98
277 184 477 241 emineamus,
495 183 589 228 onnsr.
605 181 657 232 uro,
673 183 728 222 rar.
745 183 780 221 tv.

126 262 168 314 ris.
183 260 285 312 Servitus
303 263 378 311 autem
398 260 521 324 mrporalis
538 258 639 312 mnditio
654 263 706 323 est,
720 259 774 310 olm
804 272 883 313 seruus
902 261 941 314 sit-

127 333 194 398 qnasi
215 333 390 384 instrumentum
408 331 492 383 domini
512 331 537 381 in
556 331 680 396 operando.
694 326 793 382 Et‘ideo
809 332 885 396 proles
904 332 936 384 im

127 403 230 455 libertate
246 405 269 453 et
287 403 395 454 servitute
410 400 512 466 sequitur
522 405 634 465 matrem3
650 401 727 455 sedin
741 401 777 452 his
790 415 841 467 que
856 402 929 467 perti·

127 478 184 526 nent
197 476 225 525 ad
239 474 382 536 dignitatem,
393 487 443 538 qne
461 476 538 524 estex
551 473 624 525 torma
640 473 690 536 rei,
704 472 807 538 seqnitur
822 477 929 537 patrem,

128 545 189 597 siout
201 544 225 594 in
236 544 360 595 honoribus
372 547 396 594 et
410 542 554 608 municipiis,
564 543 737 606 ultroneitate,
747 546 771 594 et
784 543 932 608 aliisbujns-

129 615 198 666 modi.
212 617 240 666 Et
252 615 305 666 boio
315 614 383 666 etiam
393 615 529 666 oonoordant
540 627 638 666 oenones
649 619 672 666 et
683 616 720 666 lex
730 614 816 679 llopsi,
827 618 853 665 ut
862 618 933 679 potet

129 684 225 741 and„
239 685 298 736 lllll.
314 685 339 735 ln
353 686 486 750 quibusdam
505 689 581 736 tamen
594 683 662 736 terris
674 698 725 749 quae
736 685 788 748 jure
806 684 871 735 cirili
884 697 936 736 non

132 762 257 821 reguntur,
272 760 350 821 partus
363 756 465 821 sequitur
477 755 612 808 deteriorem
624 756 788 821 molitionem,
800 761 826 806 ut
835 756 856 806 si
868 759 939 820 poter

131 829 162 879 sit
172 841 260 891 seruus,
270 827 374 891 quamvis
392 831 464 878 mater
477 825 506 878 sit
518 825 603 890 libera,
614 830 682 876 erunt
691 825 734 876 tilii
749 827 827 889 serni3
842 839 890 878 non
898 829 940 878 ta·

131 911 186 950 men
202 898 288 962 sipost
301 901 416 961 peractum
429 897 598 948 matrimonium
611 901 714 961 peterse
731 896 755 946 io
766 910 859 948 serrum
871 897 943 949 dedit

133 970 225 1020 nolente
242 981 329 1028 uxore,
343 971 368 1018 et
381 966 484 1019 similiter
501 967 521 1018 si
538 967 568 1020 sit
581 967 727 1020 econverso.
743 967 768 1017 Si
778 972 854 1019 autem
873 970 941 1020 uter-

134 1053 180 1105 que
201 1039 233 1090 sit
250 1039 339 1090 servilis
351 1039 504 1102 conditionis,
521 1041 545 1090 et
561 1038 689 1103 pertineant
706 1039 735 1090 ad
748 1037 852 1090 diversos
864 1039 943 1090 domi-

134 1125 192 1175 nos,
205 1116 260 1162 tuno
272 1111 375 1162 dividunt
389 1110 464 1174 tilios,
477 1110 498 1160 si
511 1110 590 1174 plures
605 1110 666 1172 sint,
677 1110 716 1161 rel
731 1109 751 1160 si
764 1122 825 1161 unus
839 1109 943 1176 butum,

133 1197 194 1234 unus
210 1181 275 1233 alteri
287 1181 468 1246 recompensabit
479 1180 606 1247 depretia,
620 1184 644 1231 et
657 1180 754 1246 accipiet
761 1180 850 1245 prolem
862 1183 945 1232 natam

135 1253 161 1303 in
177 1253 214 1303 sul
231 1251 355 1304 servitium.
370 1251 455 1302 Tamen
466 1264 514 1302 non
526 1255 562 1302 est
580 1250 689 1302 credibile
702 1249 764 1316 quod
777 1251 831 1302 talis
843 1263 949 1304 eonsue-

137 1323 192 1376 tulo
211 1323 285 1389 possit
300 1335 350 1374 esse
365 1321 398 1372 ita
415 1320 568 1384 rationabilis,
583 1321 643 1371 sient
663 1321 719 1372 illud
740 1321 800 1386 quod
817 1322 945 1373 multorum

137 1393 266 1460 sapientum
283 1393 389 1444 diuturno
404 1391 499 1452 consitio
517 1390 692 1442 determinatum
705 1395 749 1443 ost.
766 1391 815 1442 Hoc
829 1391 900 1442 etiam
912 1392 943 1444 in

137 1464 279 1516 naturalibus
293 1462 421 1524 invenitur,
435 1461 497 1526 quod
512 1476 526 1510 o
540 1466 658 1525 receptum
671 1467 706 1515 est
719 1463 744 1514 iu
759 1463 884 1528 recipiente
898 1478 943 1529 per

138 1537 230 1587 modum
247 1534 388 1599 recipientis,
400 1537 423 1584 et
437 1546 484 1584 non
493 1533 727 1598 permotumdantis.
744 1550 759 1581 o
772 1535 803 1584 Et
810 1534 863 1586 ideo
871 1535 946 1588 ratio·

139 1607 214 1658 nubilo
230 1610 266 1658 est
279 1606 339 1670 qobo
354 1618 433 1659 semen
450 1607 569 1669 receptum
585 1605 611 1655 io
631 1603 725 1658 muliere
742 1605 772 1656 art
785 1604 944 1658 conditionem

139 1677 212 1742 ipsius
224 1679 337 1730 trahatur.

172 1749 206 1800 bd
222 1749 320 1813 primum
330 1761 384 1812 ergo
396 1747 531 1811 dicendum,
540 1746 602 1811 qood
615 1746 720 1812 quamvis
728 1750 794 1812 pater
807 1748 838 1799 sit
849 1748 949 1813 dignius

140 1818 278 1883 principium
289 1821 376 1882 matre,
391 1821 467 1869 tammo
479 1822 550 1868 mater
560 1818 599 1868 (lat
618 1817 769 1868 substantiam
785 1819 942 1884 corporalem,

142 1893 244 1953 exparte
257 1889 324 1952 cujus
339 1887 464 1938 attenditur
477 1886 577 1938 oonditio
592 1887 720 1939 seruitutis.

173 1959 208 2010 bt
217 1960 340 2010 secundnm
349 1957 478 2019 dicendum,
491 1957 560 2022 quod,
574 1958 598 2008 in
609 1957 646 2008 his
656 1972 707 2022 quae
718 1960 746 2009 ad
762 1960 871 2012 rationem
886 1974 947 2025 spe-

143 2030 187 2082 ciei
201 2031 331 2094 pertinent,
346 2029 418 2092 magis
433 2029 570 2079 assimilatur
583 2028 644 2079 lilius
658 2029 719 2093 patri
731 2029 800 2094 quim
809 2031 884 2082 matri.
894 2032 948 2084 Sed

142 2101 167 2152 io
184 2101 339 2152 materialibus
355 2098 540 2160 conditionibus,
553 2098 624 2164 magis
643 2099 712 2152 tebet
733 2101 851 2152 assimilari
873 2103 947 2156 matri

142 2171 210 2236 quim
224 2170 300 2235 patri,
312 2170 366 2234 quia
378 2183 415 2220 res
427 2169 495 2219 babet
506 2167 519 2220 a
532 2169 605 2220 lorma
617 2184 670 2220 esse
682 2169 821 2236 specificum,
836 2172 876 2224 sed
886 2185 946 2224 eon·

142 2242 240 2294 ditiones
248 2241 375 2294 materiales
385 2240 452 2291 babet
463 2239 589 2292 inebria.

174 2315 208 2366 lid
224 2314 315 2365 tertium
334 2312 455 2382 dicendum
462 2347 470 2375 ,
482 2311 543 2376 qnbd
556 2311 616 2364 lilius
628 2311 766 2364 assimilatur
776 2315 837 2378 patri
851 2315 947 2368 ratione

140 2381 234 2447 torma,
251 2397 319 2448 quam
334 2382 404 2436 habet
418 2381 443 2432 in
465 2383 501 2434 sul
516 2383 698 2449 complemento,
713 2384 771 2436 stom
790 2390 814 2436 et
824 2388 900 2450 puter.
912 2387 944 2438 Et

140 2453 193 2506 ideo
204 2453 262 2505 rutio
275 2467 321 2505 non
332 2457 368 2504 est
380 2453 408 2504 ai
416 2454 566 2520 propositum.

160 2524 204 2592 ‚rid
214 2528 320 2588 quartum
330 2524 451 2576 (licendum
461 2564 469 2588 ‚
479 2525 549 2591 quod,
564 2526 618 2590 quia
635 2527 707 2578 honor
722 2525 763 2576 filii
777 2525 851 2589 magis
861 2529 897 2580 esi
911 2541 945 2580 ex

137 2595 202 2660 putre
214 2593 282 2658 quim
295 2599 417 2658 comatre,
432 2595 483 2648 ideo
496 2596 520 2646 in
530 2596 677 2660 genealogiis,
687 2595 712 2646 in
728 2595 859 2661 seripturis,
868 2601 892 2646 et
902 2611 941 2649 se·

136 2664 235 2718 eundum
250 2679 392 2718 communem
409 2667 607 2732 consuetudinem,
622 2668 695 2730 magis
711 2667 857 2720 nominantur
869 2665 941 2720 tiliib
992 2669 993 2673 ’

136 2739 201 2801 putre
214 2737 281 2801 quim
292 2736 305 2789 a
315 2742 404 2804 matre3
416 2741 494 2790 tumen
504 2737 528 2790 in
538 2737 576 2789 bis
584 2751 635 2802 qne
646 2738 674 2810 at
683 2738 818 2792 seruitutem
827 2742 946 2804 mutant,

137 2807 212 2872 magis
225 2811 318 2862 nubem
333 2813 467 2876 sequuntur.
