1954 3314
216 146 246 182 ns
262 143 463 182 rursssrnrnarlns
479 143 623 194 conrobora,
640 146 693 183 nnc.
807 136 851 184 tta

72 221 109 271 llal
127 219 254 272 seeundum
268 219 403 285 dicendum,
413 219 473 282 quod
489 235 503 268 rr
513 233 581 272 ornae
595 220 711 285 passivum
720 221 801 286 reolpit
811 235 850 273 no·

39 293 136 343 tionem
151 294 240 354 agentis
249 291 374 341 secuudum
385 304 452 340 suum
466 292 569 343 modum.
584 307 598 340 a
613 293 638 342 Si
651 305 706 356 ergo
719 292 805 356 aliquid
820 295 850 345 sit

38 364 104 427 quod
125 362 248 414 situatum
261 361 377 412 immutari
390 363 419 412 ab
433 363 523 427 activo,
538 364 636 414 naturali
646 369 670 415 et
685 363 797 428 spirituali
806 365 850 416 lm·

37 433 191 496 mutatione,
205 432 336 486 immutatio
349 433 460 484 naturalis
476 435 591 496 praecedet
603 433 784 486 immutationem
797 437 850 501 spi-

36 505 169 569 ritualem,
186 504 246 556 siem
265 519 315 554 esse
333 505 436 556 naturale
454 506 561 570 praesedit
580 520 632 556 ease
651 507 818 572 intentionale;
832 508 853 559 si

38 581 126 628 autern
139 581 216 626 natum
228 577 258 628 sit
274 576 390 626 immutari
408 576 559 641 spiritualiter
574 578 681 639 lentim,
698 589 744 630 noa
758 583 850 644 oportet

38 649 108 714 qubrl
124 648 261 704 immutetur
271 648 422 699 naturaliter:
436 649 496 699 siout
504 653 569 714 patet
584 651 612 702 de
627 663 690 711 aere,
701 652 741 714 qui
754 665 801 703 non
815 656 853 704 ost

39 721 182 785 receptivas
195 719 277 771 eoloris
290 718 416 770 seeundbm
427 735 478 770 erse
490 722 594 772 naturale
607 760 614 783 ,
626 723 667 774 sed
681 721 754 773 solum
769 737 852 776 seeun-

41 791 101 842 diam
125 805 179 841 esee
198 791 329 856 spirituale,
345 796 370 842 et
385 791 436 842 ideo
456 793 501 842 lroo
518 790 591 842 solum
610 794 678 845 modo
700 792 848 858 immutetm3

40 866 107 914 sicut
122 877 138 915 e
152 876 276 926 converso,
294 876 387 928 corpora
399 863 524 914 inanimata
536 864 686 916 immutantur
698 879 739 930 per
753 867 852 930 qualitu-

40 939 79 1001 tes
94 935 223 987 sensibiles
233 934 307 985 solim
323 935 472 998 naturaliter,
486 938 511 986 et
525 949 571 986 uon
586 935 744 1000 spiritualiter.
757 939 783 988 ln
797 951 852 988 eor-

41 1008 145 1071 poribus
157 1012 233 1057 autem
246 1006 351 1070 gloriosis
364 1018 410 1056 non
423 1007 507 1070 polerit
521 1020 572 1058 esse
584 1008 659 1070 aliqua
672 1007 801 1060 immutatio
810 1023 851 1060 na-

42 1078 147 1141 turalis3
162 1083 187 1128 ot
202 1078 254 1127 ideo
271 1077 304 1128 ibi
322 1077 366 1127 erit
386 1077 513 1142 spiritualis
529 1078 658 1129 immutatio
668 1079 767 1129 tnnlirua.

74 1151 113 1200 nu
125 1149 221 1198 tertium
233 1147 355 1200 dicendum
361 1185 370 1211 ‚
379 1149 440 1212 quon
451 1149 511 1198 siout
528 1149 571 1198 erit
580 1161 644 1200 nors
658 1153 760 1214 receptio
768 1152 853 1216 speciei

45 1221 70 1269 in
89 1232 183 1284 organo
200 1219 329 1281 sentiendi,
342 1219 375 1271 ita
397 1219 441 1269 erit
461 1233 546 1270 norum
566 1220 677 1284 judicium
692 1221 773 1272 seueris
790 1235 853 1272 eona·

45 1292 145 1354 munis3
161 1304 208 1342 non
227 1295 302 1341 autem
324 1292 368 1342 erit
379 1303 464 1342 norum
480 1290 592 1355 judicium
612 1291 742 1342 intellectus
755 1294 783 1344 de
797 1295 852 1355 boo,

45 1362 112 1413 siout
125 1363 154 1412 tlt
165 1363 190 1413 in
203 1375 232 1414 eo
245 1362 283 1428 qui
297 1362 363 1413 uidet
378 1362 462 1426 aliquid
480 1364 540 1426 quod
555 1362 619 1426 priis
635 1363 711 1414 soluit.
727 1365 791 1424 Quod
809 1375 854 1414 eu-

44 1437 94 1485 tem
113 1435 172 1486 dicit
191 1433 332 1500 Augustinus
348 1450 354 1485 ι
371 1451 385 1481 u
398 1436 450 1485 lton
464 1437 531 1484 eruut
544 1433 575 1484 ihi
597 1434 748 1500 cogitationes
764 1435 854 1486 volubi-

44 1506 95 1570 les,
106 1523 122 1554 υ
135 1506 271 1572 intelligitur
286 1507 314 1557 de
335 1506 512 1568 cogitationibus
527 1505 678 1558 intellectus
691 1506 772 1570 pertis.
786 1507 851 1558 Unde

46 1590 94 1629 non
109 1580 149 1628 est
164 1579 193 1627 art
208 1580 360 1642 propositum.

78 1649 115 1700 lud
132 1651 238 1712 quartum
260 1648 380 1700 moenium
393 1686 399 1709 ,
413 1647 474 1712 quon
493 1649 585 1711 quando
606 1659 677 1698 unum
699 1648 794 1698 duorum
816 1653 854 1700 est

45 1719 105 1771 ratio
119 1719 230 1778 alterius,
245 1717 364 1784 occupatio
376 1721 461 1769 anime
478 1719 538 1768 airon
551 1728 623 1769 unum
641 1731 687 1768 uon
701 1717 854 1784 impeditum

48 1791 147 1842 remittit
160 1789 333 1856 occupationum
354 1790 405 1852 eius
422 1789 482 1839 eirca
504 1789 565 1840 uliud
580 1804 588 1837 a
604 1789 664 1840 sicut
680 1789 785 1843 modicus
799 1793 853 1843 duna

48 1860 113 1914 videt
130 1863 234 1925 urinam,
248 1876 295 1913 nou
311 1861 476 1926 minuspotest
493 1861 637 1913 considerare
650 1861 705 1913 ortis
719 1863 810 1927 regulus
823 1865 852 1915 de

50 1934 166 1986 coloribus
183 1933 316 1994 urinarum,
330 1934 370 1984 sert
388 1933 478 1996 magis:
494 1931 584 1998 etquis
597 1934 657 1984 lleus
673 1934 854 1998 apprehenditur

49 2003 62 2054 b
78 2005 168 2056 saumis
182 2009 209 2054 ut
219 2005 277 2054 ratio
289 2005 391 2056 omnium
403 2017 454 2068 que
467 2003 495 2054 ab
511 2003 546 2054 eis
557 2009 655 2067 agentur
666 2006 705 2055 rel
715 2018 853 2068 eognoscen-

50 2077 99 2139 tur,
113 2077 167 2128 irleo
179 2075 300 2140 occupatio
311 2089 389 2126 eorum
399 2077 460 2126 eirea
472 2076 591 2126 sensibilia
601 2075 730 2138 sentienda,
741 2076 779 2126 vel
788 2085 853 2139 uam-

49 2159 151 2212 oumque
163 2147 209 2198 ulia
219 2145 394 2212 contemplanda
406 2150 446 2196 sut
460 2145 567 2210 agenda,
583 2148 608 2196 in
621 2147 683 2197 nullo
696 2146 807 2211 impediat
820 2147 855 2198 ui-

49 2217 131 2268 sinam
151 2218 374 2282 contemplationem,
392 2231 435 2270 neu
446 2217 460 2268 b
471 2231 592 2270 conuerso.
603 2212 649 2268 Vel
660 2218 781 2269 dicendum
791 2218 853 2281 quot

50 2287 115 2339 idem
132 2299 177 2338 unu
190 2289 295 2354 potentis
308 2289 430 2353 impeditur
442 2291 466 2338 in
483 2293 535 2339 astu
548 2301 590 2339 sno
596 2325 605 2351 ,
621 2289 712 2352 quondo
726 2289 771 2338 aliu
782 2289 855 2340 aelre-

52 2363 142 2412 rnenter
152 2366 274 2426 operatur,
284 2361 338 2424 quin
351 2373 396 2411 una
409 2361 513 2424 potentia
527 2363 555 2411 de
568 2373 594 2410 se
607 2373 652 2410 aon
666 2359 751 2412 sutboit
764 2359 792 2410 erl
805 2364 854 2411 tana

51 2429 168 2482 intensam
186 2431 359 2496 operationem,
373 2431 418 2482 nisi
433 2432 456 2482 ei
475 2431 625 2482 subveniatur
637 2436 679 2496 per
692 2431 717 2480 irl
729 2431 790 2496 quob
804 2436 854 2482 erat

53 2502 103 2552 aliis
116 2503 226 2566 potentiis
242 2501 278 2552 ael
295 2502 403 2553 membris
422 2501 563 2552 inlinendum
578 2502 591 2552 l
604 2501 719 2565 principio
736 2501 790 2552 aits
807 2507 851 2552 :et

53 2573 105 2636 quin
121 2574 146 2622 in
156 2573 243 2624 mustis
253 2577 319 2624 orout
336 2583 417 2624 omnes
427 2573 536 2637 potentiss
553 2572 735 2636 perfectissime,
750 2571 797 2623 nal
807 2585 854 2638 po·

52 2644 108 2693 terit
117 2644 150 2694 itu
164 2643 256 2696 intensi
272 2645 360 2708 operari
368 2681 377 2707 ,
391 2645 450 2708 quod
462 2657 492 2693 or
505 2645 549 2693 boo
560 2643 649 2693 nullutn
667 2641 855 2708 impedimentum

55 2715 199 2777 praelabitur
213 2716 299 2766 astioni
313 2717 406 2766 alterius
419 2715 527 2779 potentias
536 2753 544 2778 ,
554 2715 615 2764 siout
626 2721 648 2766 et
658 2715 680 2764 ia
692 2715 788 2766 cbristo·
798 2716 851 2766 luit.
