1946 3318
126 183 171 230 itt
256 195 460 246 summissurus,
477 195 570 240 nunsr.
587 195 688 244 nxxxrn,
704 193 760 230 eur.
779 197 795 231 r.

155 274 179 318 2.
192 271 301 322 Preterer
313 306 320 329 ‚
332 274 387 320 etos
400 274 543 333 computatur
554 268 681 320 secundnm
695 281 825 319 mensurum
837 273 921 334 umne-

124 341 156 391 ris
170 341 286 406 preteriti.
302 341 346 392 Sed
364 341 507 405 impossihile
523 346 558 392 est
577 346 668 404 tempus
680 341 743 404 quud
756 341 801 392 tuit
822 343 920 406 pretori·
955 365 956 402 t

123 420 171 464 tum
193 427 240 465 non
261 413 408 478 preteriisse.
423 416 482 478 Ergo
503 413 644 478 impossibiie
662 417 697 464 est
713 425 755 464 eos
772 415 813 478 qui
829 416 920 479 maioris
954 407 956 432 ¹

123 487 197 537 etatis
212 486 320 549 inerunt,
336 486 366 536 ed
381 489 472 539 suun
483 485 610 550 juvenilem
626 483 712 535 reduci.

155 561 178 608 e.
194 557 303 606 Praeteren
310 591 319 618 ‚
333 555 387 606 illud
401 557 462 620 quud
474 557 544 620 magis
558 555 602 605 tuit
615 556 643 606 de
655 555 754 606 seritute
766 557 872 608 humane
885 571 922 606 na-

123 632 180 678 ture
195 628 220 676 in
235 639 371 690 unoquoque
383 665 389 688 ‚
401 626 500 680 maxime
513 629 614 690 resurget
625 625 650 676 in
667 639 704 676 co.
719 627 766 676 Sed
777 627 869 690 qunntd
881 629 920 680 ntr-

121 697 176 762 quid
192 697 265 762 pnmd
280 697 323 748 tuit
337 698 479 760 innomine,
491 697 556 748 tenid
569 697 661 747 ridetur
676 697 750 760 magis
761 699 789 748 ud
802 699 918 750 verinum

122 770 227 820 humens
251 774 337 822 nature
357 771 514 834 pertinuissc3
528 769 583 833 quia
597 767 621 818 in
641 768 686 818 tine
699 773 792 832 propter
810 770 916 820 virtutem

123 839 208 904 speciei
229 840 386 902 debilitatam,
401 844 543 904 comparatur
566 840 623 897 vino¹
638 852 723 901 aquoso
738 853 821 904 corpus
836 841 917 890 humu-

122 925 186 972 num,
197 916 223 960 ut
234 915 297 976 potet
308 926 348 976 per
360 913 522 976 Philosophum
528 911 553 962 in
563 912 573 962 l
582 912 619 962 De
627 912 787 974 generatione
793 912 861 976 (text.
870 913 917 976 te).
956 925 957 970 ι

122 983 181 1048 Ergo
195 981 216 1034 si
229 997 309 1034 omues
325 983 410 1034 dehent
428 984 453 1032 in
464 985 543 1034 endem
557 985 626 1034 etate
639 982 847 1046 resurgere,megis
857 981 918 1034 dccet

122 1055 182 1116 quud
192 1057 315 1118 resurgant
327 1053 352 1106 in
363 1059 429 1106 stete
438 1054 522 1118 puerili
535 1053 603 1116 quum
616 1052 725 1117 juveniti.

153 1124 196 1175 Sed
211 1128 290 1176 contra
304 1129 356 1187 est,
371 1127 431 1190 qnod
443 1126 526 1176 dicitnr
541 1124 642 1190 reptes..
657 1125 687 1175 lv
702 1140 709 1175 ε
725 1126 826 1176 (clionee
838 1139 918 1177 ecum·

123 1210 201 1248 ramus
215 1209 296 1250 omues
308 1197 333 1248 in
349 1197 423 1250 uirum
435 1197 571 1260 perfectum,
580 1197 604 1246 in
622 1209 750 1248 mensuram
761 1198 835 1248 etatis
847 1197 917 1259 pleni·

124 1267 208 1318 tudinis
226 1268 352 1320 Christi.»
369 1269 413 1319 Sed
431 1268 534 1320 Christus
547 1268 672 1318 resurrexit
689 1269 714 1318 in
731 1273 796 1318 aetute
804 1267 917 1332 juveniti,

123 1353 174 1403 que
192 1340 252 1391 circa
268 1341 360 1404 triginta
383 1354 456 1391 annus
473 1340 571 1404 incipit,
587 1343 614 1391 ut
628 1340 768 1404 Augustinus
785 1340 847 1390 dicit.
864 1340 921 1403 Ergo

122 1417 148 1462 ct
161 1411 199 1462 etii
217 1412 241 1461 in
256 1416 323 1462 etate
334 1411 435 1474 juveniti
450 1415 576 1474 resurgent.
925 1411 928 1418 ⁴

154 1483 277 1546 Prretoren¹
292 1484 362 1534 humo
383 1483 408 1533 in
429 1481 526 1532 murima
543 1482 683 1545 perfectione
702 1488 790 1533 nature
811 1487 919 1546 resurget
957 1484 958 1500 ³

123 1553 166 1604 Sed
180 1557 260 1604 ustura
275 1555 373 1605 humana
387 1552 578 1618 perfectissimum
594 1556 677 1603 statum
688 1553 790 1604 hahetin
803 1557 874 1605 etate
884 1553 917 1617 jn·

123 1622 202 1676 reniti.
217 1627 275 1689 Ergo
289 1626 313 1676 in
326 1626 364 1676 illa
378 1627 443 1676 aetate
457 1629 578 1688 resurgent
594 1637 684 1676 omnes.

156 1697 343 1758 (condrusto—
353 1696 412 1747 Cium
423 1697 523 1746 hnmana
534 1701 614 1746 notura
627 1695 716 1745 deiciat
726 1695 751 1745 in
759 1696 838 1758 unone
853 1695 919 1759 (quir

124 1767 223 1816 nundum
242 1768 404 1830 perfectionem
419 1767 524 1816 uitiorum
536 1769 589 1816 sunt
598 1766 714 1817 conmcuti
724 1765 743 1828 ),
754 1769 778 1816 et
790 1767 815 1816 iu
830 1767 918 1818 senibus

124 1836 176 1898 quin
186 1837 215 1886 ab
226 1839 306 1888 ultima
319 1838 457 1901 perfectione
472 1838 590 1896 recedunt,
599 1841 623 1886 et
634 1837 750 1888 hominem
763 1838 849 1901 absque
859 1835 916 1888 omni

124 1906 212 1956 deiectu
232 1910 337 1960 humanu
351 1913 438 1960 nature
455 1920 573 1959 resumere
593 1912 713 1972 operteat,
730 1909 872 1959 conveniens
886 1909 916 1957 cst

123 1982 150 2029 ut
165 1978 270 2030 homines
283 1983 403 2041 resurgent
415 1979 441 2029 in
450 1979 549 2042 juveniti
557 1983 624 2030 etate
635 2017 642 2041 ,
653 1993 704 2043 quo
717 1981 777 2031 iuter
788 1981 913 2030 decremen-

124 2053 172 2100 tum
189 2054 212 2100 et
230 2051 396 2100 incrementum
410 2049 586 2112 constituitur.)

154 2121 291 2186 Respondes
305 2119 442 2180 dicendine,
459 2120 519 2184 qudd
539 2123 607 2173 homo
627 2126 729 2186 resurget
752 2123 839 2186 absque
859 2119 914 2172 omni

123 2192 213 2245 deiectu
226 2193 332 2244 humane
344 2196 430 2243 nature
446 2207 451 2242 :
469 2191 522 2255 quir
535 2192 595 2243 sicut
605 2194 665 2243 Deus
677 2195 801 2244 humanam
818 2197 914 2243 nutarem

123 2265 208 2328 absque
223 2264 312 2314 deiectu
326 2263 436 2325 instituit,
445 2263 477 2312 ita
487 2264 538 2314 sine
549 2264 639 2316 deiectu
653 2263 775 2330 reparabit.
788 2263 870 2315 Deficit
879 2275 913 2310 su·

124 2341 169 2385 tem
183 2337 281 2386 humana
295 2339 375 2386 nature
387 2334 508 2398 dupliciter
519 2352 525 2386 r
538 2347 585 2386 nne
597 2335 675 2394 modo,
689 2335 744 2399 quia
757 2337 860 2386 nundum
872 2345 916 2398 uer·

124 2406 245 2456 tectionem
269 2407 371 2457 ultimum
389 2411 426 2457 est
445 2406 643 2470 conterminatio
659 2405 876 2470 mudo‚quinjam
893 2401 916 2452 rb

100 2529 102 2536 ,
123 2477 202 2526 uitimn
218 2477 358 2540 perfectione
376 2477 485 2540 recessit3
497 2483 521 2527 et
531 2478 605 2540 primo
619 2478 685 2528 modu
701 2476 779 2528 defien
795 2478 820 2527 iu
836 2473 916 2541 pneris,

124 2550 225 2598 secundo
237 2551 304 2600 mode
318 2549 395 2600 deicit
408 2549 432 2600 in
449 2549 551 2600 senibus.
565 2550 594 2598 Et
605 2549 658 2600 iden
674 2549 697 2598 in
711 2548 814 2612 numque
829 2549 919 2599 reduoe-
958 2599 959 2604 .

121 2624 161 2669 tur
174 2621 273 2670 humana
289 2626 369 2674 natura
382 2634 424 2684 per
437 2620 625 2671 resurrectionem
636 2621 664 2671 ud
680 2620 863 2671 statumuitimm
874 2629 919 2682 per·
958 2633 959 2642 ¹

124 2689 242 2751 iectionis,
259 2691 298 2754 qui
312 2692 385 2743 estin
396 2689 494 2755 juveniti
513 2694 578 2740 etate
588 2728 595 2753 ‚
607 2690 637 2740 ud
647 2703 713 2753 quem
726 2689 861 2742 terminetur
871 2699 919 2738 mu·

124 2765 162 2810 tus
182 2761 295 2823 augmenti
308 2767 332 2814 et
344 2763 357 2814 ι
370 2774 415 2826 qua
432 2760 516 2824 incipit
525 2765 599 2812 mutus
618 2761 768 2814 decrementi.

156 2833 189 2881 td
201 2833 298 2895 primum
309 2847 363 2896 ergo
376 2833 511 2890 dicendum,
526 2831 587 2894 qudd
604 2835 659 2882 aetes
670 2832 796 2884 senectutis
809 2833 918 2882 hebetrc

126 2903 250 2952 verentium
262 2917 307 2954 uon
324 2905 418 2966 propter
434 2900 587 2952 conditionem
604 2900 718 2964 corporis,
729 2903 791 2963 quod
801 2901 919 2954 indefecte
