1948 3312
134 173 181 225 tlt
254 169 450 220 nonsummum,
468 169 560 215 onnus.
576 167 677 219 uum,
693 168 750 208 sun.
767 167 805 210 tn.

132 261 186 312 engo
196 249 223 299 ad
234 247 404 298 retributionem
414 243 570 309 premiorum,
580 255 657 294 omnes
666 244 844 310 judicabuntur,
857 247 922 300 oium

133 318 202 380 luni,
218 317 243 369 in
262 329 290 368 eo
306 315 365 379 quod
383 314 535 377 unusquisqne
554 312 646 378 recipiet
666 328 695 365 ex
708 314 784 364 divion
808 318 923 368 sententis

131 388 248 454 premium
268 387 348 442 meiito
367 384 513 448 respondens.
527 382 572 433 Sed
593 381 703 434 discussio
721 385 861 436 meriturum
881 399 923 436 non

132 459 158 510 lli
172 458 217 508 nisi
231 458 270 508 ubi
283 460 317 506 est
329 456 430 518 quiedam
445 453 572 503 meritorum
584 454 731 514 commixtio,
743 454 861 506 honorum
875 470 924 506 num

133 529 206 579 mulis.
218 528 252 577 illi
263 531 337 576 autem
352 524 390 589 qni
405 522 518 574 edificant
527 535 594 586 super
608 523 778 596 tundamentum
790 525 848 577 lidei
858 544 874 574 ι
887 541 925 578 su·

131 611 181 649 enm
195 604 219 650 et
230 601 347 660 ungentum
365 600 389 646 ei
401 595 487 658 lapides
501 594 623 658 pretiosos,
637 609 651 640 u
667 593 752 644 divinis
767 595 876 648 servitiis
888 603 926 649 tn-

132 669 205 720 taliten
218 667 364 726 insistentes,
377 665 416 728 qui
427 664 510 714 nullam
522 664 682 716 admixtionem
691 664 813 716 notabilem
827 667 927 732 alienius

132 739 187 789 meli
205 737 279 790 meriti
298 737 396 797 hebent,
411 735 436 785 in
454 735 488 786 eis
506 734 619 786 discussio
636 735 766 786 meriturum
779 737 860 788 lucum
884 753 927 790 nnn

132 810 214 872 hubet3
230 808 289 859 siout
307 807 340 858 illi
353 808 392 871 qni
408 807 475 856 rebus
490 807 568 857 mnndi
588 805 679 869 penitus
698 807 809 870 abjectis,
825 809 927 863 solliciti

131 880 230 943 cogitant
255 877 328 930 solim
349 891 399 941 qnae
420 877 460 927 nei
485 879 547 927 sunl.
568 877 620 927 ideo
640 876 800 940 salvabuntur,
815 879 861 930 sod
884 894 927 932 nou

129 949 297 1014 iudicabuntur.
312 947 346 999 lili
359 947 413 996 vend
426 947 466 1012 qui
482 947 594 998 ndiluani
603 958 671 1010 nonen
683 947 735 997 iidei
749 947 927 1002 iundsmentnm

132 1019 214 1084 liquo,
224 1017 478 1083 soenum,sti1mlam,
489 1016 527 1080 qui
537 1017 610 1066 adnue
622 1015 711 1067 seilicet
724 1021 803 1068 amani
812 1022 926 1072 secularia

133 1095 157 1140 et
174 1090 271 1141 terrenis
283 1086 380 1152 negotiis
389 1087 544 1152 implicantur,
553 1087 586 1137 itu
597 1091 674 1137 tumen
684 1086 744 1150 quod
760 1087 820 1140 nihil
832 1091 926 1142 Cissim

133 1166 280 1226 proponunt,
291 1161 332 1211 sed
344 1160 435 1211 student
446 1161 541 1223 pecunie
552 1158 704 1222 eleemosynis
716 1159 824 1224 expiere,
839 1163 927 1214 nabent

133 1233 250 1296 qnamdam
268 1230 450 1282 commixtionem
464 1230 571 1279 bonorum
590 1227 719 1280 morittium
732 1241 786 1282 num
800 1232 881 1284 melis.
899 1233 926 1284 m

133 1301 186 1354 ideo
203 1301 312 1352 discussio
331 1299 460 1351 meritorum
483 1299 508 1348 in
529 1298 564 1349 eis
585 1298 660 1348 ionum
680 1299 758 1350 hebet.
777 1301 845 1354 Unde
869 1304 925 1355 tuus

133 1376 240 1434 quantum
251 1374 278 1423 nd
292 1372 335 1422 lnoc
345 1369 514 1434 judis-sinnius,
524 1372 547 1420 et
559 1372 635 1419 lamen
646 1368 802 1420 nulmluniur.

165 1440 197 1492 ld
212 1441 308 1505 primum
321 1439 521 1503 sustinendum,
536 1438 594 1501 qndd
608 1438 661 1502 quie
673 1438 763 1502 punitio
774 1445 812 1492 ent
829 1442 926 1494 silemus

131 1512 243 1576 justitie,
259 1511 382 1575 onaemiutio
399 1514 475 1561 eutem
489 1509 649 1560 misericordie
662 1509 745 1573 magis3
766 1511 820 1563 ideo
837 1514 926 1576 judicio

134 1583 212 1645 (quod
229 1588 265 1634 eut
278 1586 341 1634 nctus
358 1579 475 1646 justitie),
489 1579 665 1630 antonomastice
677 1579 766 1642 punitio
780 1583 923 1648 attribuitur,

134 1657 160 1704 ut
178 1654 289 1708 interdum
304 1653 439 1717 judicium
460 1663 500 1715 pro
517 1650 568 1714 insu
586 1650 773 1702 condemnatione
788 1655 925 1719 uscipiatur.

135 1725 164 1776 Et
177 1726 209 1778 uic
221 1725 353 1789 intelligitur
371 1723 493 1775 unctorilun
507 1721 611 1783 inductu,
629 1725 654 1772 ut
666 1735 707 1786 pen
719 1723 825 1776 Glossam
839 1728 924 1782 ibidem

135 1800 205 1860 putet,

132 1861 136 1872 “
167 1866 329 1917 iduennndnm
339 1863 536 1928 dicendumquld
548 1863 659 1914 discussio
670 1862 802 1916 munitorum
813 1866 926 1920 lusionis

135 1947 182 1987 noo
199 1935 243 1986 enit
257 1937 285 1986 nd
303 1935 422 1986 tollendum
435 1933 613 1985 incertitudinem
633 1933 780 1986 lentitudinis
792 1935 806 1987 i
820 1937 926 1989 cordibus

135 2005 234 2070 ipsorum
250 2006 435 2070 judicandorum,
447 2007 486 2056 sed
502 2008 529 2055 ut
541 2003 708 2068 proeminentia
724 2005 834 2057 bononum
854 2009 927 2059 meu-

135 2079 207 2128 tonum
224 2078 251 2127 nd
272 2076 330 2125 mula
347 2075 493 2126 ostendantur
512 2074 616 2126 omnibns
636 2074 774 2138 munileetd,
790 2080 815 2130 et
827 2079 865 2130 sin
885 2079 925 2130 liei

132 2146 222 2210 Justitin
235 2145 400 2210 conprobetur.
638 2160 640 2170 ·

165 2216 199 2268 Ad
218 2215 309 2266 tertium
327 2215 464 2279 dioendum,
484 2216 545 2280 quod
558 2213 679 2280 Gregorius
695 2215 794 2280 loquitur
812 2218 844 2270 do
854 2219 924 2284 justin
971 2223 972 2240 ²

133 2286 207 2338 adhuc
218 2285 241 2334 in
250 2298 317 2336 cunno
330 2286 418 2336 mentali
431 2286 589 2339 existentibus.
601 2285 664 2336 llnde
678 2299 746 2351 suoru
757 2289 903 2351 prominent
915 2305 922 2340 ι

134 2373 148 2406 u
161 2357 189 2407 lli
202 2356 241 2420 qui
254 2355 277 2406 in
292 2356 523 2422 corporibusnepenini
534 2361 654 2422 poterunt,
667 2359 773 2422 quumvis
787 2360 839 2423 jam
854 2363 924 2414 tontes

132 2432 198 2490 atque
214 2425 320 2490 perlecti,
335 2428 406 2478 adino
422 2432 498 2478 tumen
512 2429 565 2492 quis
579 2429 603 2478 in
623 2441 690 2479 nanno
705 2433 757 2480 suni
775 2433 848 2495 positi
858 2471 867 2494 ,
877 2447 923 2486 nun

132 2499 228 2562 possunt
242 2496 266 2546 in
282 2497 338 2547 tanti
351 2499 441 2548 temonis
456 2498 544 2549 turbine
567 2497 629 2548 uultl
649 2498 768 2550 formidine
784 2505 888 2554 nonnuli.
907 2519 922 2550 ι

132 2567 194 2618 Unde
208 2570 269 2632 patet
282 2567 341 2632 quid
355 2571 425 2618 tsnnon
445 2566 482 2618 ile
495 2567 626 2618 referendus
639 2571 673 2619 est
685 2568 714 2619 nd
734 2573 827 2635 temous
840 2573 923 2624 immo·

131 2635 191 2689 utute
204 2637 315 2701 jndisium
326 2639 471 2702 precedens3
482 2639 621 2688 tremendum
634 2639 724 2702 quidem
738 2643 838 2696 monime
849 2645 922 2706 malin,
970 2663 972 2688 t

132 2719 177 2758 non
192 2711 266 2758 antem
281 2709 346 2759 bonis
354 2744 362 2770 ,
374 2707 456 2771 quilius
468 2709 527 2756 nullu
548 2708 591 2758 enit
606 2709 658 2758 muli
672 2709 782 2774 suspitio.

162 2777 270 2828 Rationes
289 2782 363 2828 autom
387 2792 437 2841 unns
458 2783 513 2826 sunt
531 2778 558 2826 nd
583 2779 730 2842 oppositum,
747 2785 874 2846 procedunt
893 2788 921 2838 ne

128 2846 215 2911 judicio
229 2852 339 2912 quiuntum
353 2846 380 2897 ud
394 2846 566 2899 netnilutionem
580 2848 734 2914 premiorum.
