1966 3304
52 159 56 174 ·
122 143 169 193 tte
272 151 474 206 emensurarent,
490 149 582 199 ouasr.
601 149 657 202 arv,
674 149 730 191 aar.
747 151 765 188 r.

153 229 288 296 despondeo
302 229 438 295 dicendum,
449 228 510 294 quod
522 227 628 280 omnihus
644 227 713 278 rebus
726 227 870 280 naturalibus
887 229 923 281 in-

122 307 176 356 sunt
195 304 298 368 quedam
318 301 444 368 principia,
459 301 542 366 quibus
555 311 601 352 uon
616 299 689 352 solum
709 300 854 364 operationes
869 316 925 367 pro-

121 375 183 442 prias
196 375 286 426 elicere
301 375 403 440 possint,
419 374 460 426 sed
472 373 552 436 quibus
564 371 632 424 etiam
644 384 683 422 eas
701 373 864 424 convenientes
877 375 920 424 lini
970 385 971 388 ’

122 461 164 501 suo
183 446 295 508 reddant,
310 446 359 500 sive
375 445 421 496 sint
439 445 540 498 actiones
559 457 610 509 qum
628 448 794 514 consequantur
811 457 861 496 rem
876 447 924 498 ali·
970 473 971 516 3

121 533 189 586 qnam
201 531 230 569 er
243 522 324 570 natura
337 519 372 569 sui
390 517 495 582 generis,
512 515 560 568 siue
579 519 700 566 ornatura
715 513 816 580 speciei3
828 521 856 567 ut
877 531 927 568 ma-

121 591 184 656 gneti
200 589 308 655 competit
320 589 376 642 lerri
386 591 495 641 deorsam
508 603 537 640 ex
551 592 632 639 natura
643 588 680 638 sui
692 587 781 652 generis
793 626 800 648 ,
811 591 836 639 et
850 591 921 640 atem

120 665 177 715 here
190 665 274 715 terrum
284 677 313 714 ex
323 667 402 714 natura
413 675 460 714 suae
470 661 561 728 speciei:
573 660 637 711 Sicut
647 662 723 710 autem
732 659 757 710 in
770 661 838 712 rebus
850 673 925 726 agen·

120 736 181 786 dirus
200 749 229 788 ex
251 735 386 789 necessitate
409 739 506 798 natura,
522 731 634 798 principia
656 731 768 783 actionum
791 737 845 784 sunt
864 734 924 799 ipsae

122 808 213 872 imma,
232 807 338 872 liquibus
351 807 495 872 operationes
508 805 601 870 proprie
624 805 736 870 prodeunt
757 805 925 857 conuenientes
970 839 971 842 η

121 880 175 942 lini3
191 879 224 930 ita
236 879 260 930 in
274 880 372 943 hisquae
387 879 538 942 cognitionem
549 877 700 943 participant,
715 876 826 942 principia
839 879 925 942 agendi

122 955 176 1003 sunt
186 951 285 1016 cognitio
303 957 327 1002 et
340 950 463 1016 appetitus.
476 951 540 1002 Unde
555 953 643 1014 oportet
655 947 716 1013 quod
730 949 754 998 in
765 949 791 998 vi
806 949 926 1013 cognitiva

122 1024 153 1075 sit
166 1024 276 1074 naturalis
286 1023 419 1088 conceptio,
431 1023 489 1073 etin
497 1022 520 1071 ui
533 1020 658 1086 appetitiva
671 1021 780 1080 staturalis
791 1020 923 1087 inclinatio,

121 1095 203 1160 quibus
214 1094 314 1159 operatio
329 1095 467 1146 conveniens
488 1093 566 1158 generi
580 1093 629 1144 siue
642 1091 729 1157 speciei
742 1093 848 1144 reddatur
860 1105 927 1144 eom·
970 1131 971 1134 ,

121 1169 202 1230 petens
217 1167 267 1218 lini.
284 1166 328 1216 Sed
345 1165 399 1230 quia
416 1167 484 1216 homo
504 1165 564 1216 inter
581 1165 662 1216 namra
683 1162 789 1214 animalia
808 1164 926 1216 rationem
970 1221 971 1234 2

121 1237 172 1289 linis
191 1236 322 1304 cognoscit,
336 1243 360 1288 et
380 1237 548 1302 proportionem
567 1234 705 1299 operationis
720 1235 749 1285 ad
766 1234 851 1298 linem,
871 1235 926 1288 ideo

121 1311 231 1361 naturalis
243 1309 364 1373 conceptio
371 1309 393 1360 ei
401 1307 488 1370 indita,
499 1320 544 1372 qua
555 1306 658 1371 dirigitur
667 1307 696 1358 ad
707 1307 859 1372 operandum,
868 1321 927 1360 con·
970 1325 971 1362 3

120 1381 238 1434 venienter
251 1381 293 1431 lec
309 1379 440 1432 maturetis
452 1381 489 1432 vel
499 1384 545 1445 jus
558 1377 676 1431 antecede
689 1378 780 1428 dieitur.
789 1377 820 1428 ‘ln
834 1379 927 1430 ceteris

120 1456 195 1505 autem
208 1451 343 1504 animalibus
357 1453 495 1502 estimatio
516 1449 643 1500 naturalis
656 1453 762 1513 uocatum
778 1449 845 1500 ltruta
859 1451 924 1502 enim
970 1505 971 1508 ,

119 1540 149 1578 er
164 1525 188 1574 ui
198 1529 283 1576 naturae
296 1525 443 1590 impelluntur
459 1523 611 1588 adigendum
625 1521 787 1572 conuenientes
798 1521 921 1586 actiones,
970 1519 971 1594 ᾗ

120 1597 194 1662 magis
213 1595 281 1662 quim
300 1597 432 1662 reguleutur
452 1597 518 1662 quasi
538 1595 630 1660 proprio
646 1593 739 1646 arbitrio
756 1595 858 1658 agentia.
875 1597 925 1648 Lex
970 1597 971 1672 l

121 1682 174 1733 ergo
194 1667 303 1721 naturalis
316 1670 374 1720 nihil
389 1669 449 1720 aliud
461 1673 496 1720 est
508 1668 576 1734 quim
594 1665 715 1731 conceptio
723 1666 811 1718 homini
825 1671 922 1719 natura·
970 1673 971 1746 l

120 1743 173 1793 liter
186 1741 272 1803 indita,
283 1755 327 1805 qua
341 1741 445 1806 dirigitur
458 1743 485 1792 ad
500 1741 665 1792 convenienter
679 1741 791 1804 agendum
808 1740 834 1789 in
846 1740 925 1791 aetio·
970 1765 971 1822 l

121 1813 188 1863 nibus
201 1812 312 1876 propriis,
323 1813 372 1864 sive
387 1814 519 1879 competant
531 1813 554 1863 ei
565 1825 595 1862 ex
608 1815 688 1862 natura
702 1811 801 1876 generis,
813 1815 839 1861 ut
853 1825 924 1876 gene·
970 1823 971 1834 ¹

121 1899 188 1947 rare,
199 1887 327 1944 comedere,
338 1888 361 1936 et
378 1885 470 1949 similia,
481 1884 530 1936 sive
541 1898 574 1936 ex
587 1889 667 1936 natura
680 1885 777 1950 speciei,
790 1888 815 1934 ut
825 1884 922 1936 ratioci-

122 1957 187 2018 nari,
203 1961 226 2008 et
242 1958 381 2022 hujusmodi.
395 1959 467 2008 Omne
480 1961 556 2008 autem
570 1955 625 2007 illud
640 1958 700 2021 quod
713 1957 826 2009 actionem
838 1957 922 2010 incon·
970 2015 971 2024 ἶ

122 2029 254 2080 uenientem
271 2028 343 2079 reddit
356 2029 397 2079 tini
413 2041 481 2093 quem
495 2031 618 2079 statumen
633 2041 701 2093 opere
714 2029 789 2093 aliquo
804 2029 920 2093 intendit,
970 2025 971 2100 l

122 2105 200 2152 contra
222 2101 296 2164 legem
312 2103 398 2152 naturae
421 2112 472 2151 esse
493 2097 584 2150 diciturss
604 2099 683 2150 Potest
702 2103 779 2150 autem
799 2099 858 2150 actio
876 2114 921 2153 non
970 2107 971 2158 ᾗ

122 2173 262 2225 conveniens
273 2185 324 2224 esse
336 2171 376 2223 lini
386 2173 424 2224 uel
434 2171 554 2238 principali
563 2173 601 2223 uel
612 2171 762 2235 secundari03
777 2175 800 2223 et
812 2172 863 2224 slve
877 2175 919 2237 sic,
970 2227 971 2230 ,

121 2245 170 2296 siue
184 2245 217 2296 sic
223 2282 232 2309 ‚
244 2245 288 2296 hod
300 2243 413 2308 contingit
425 2243 544 2310 dupliciter
555 2259 562 2295 ι
573 2256 619 2296 uno
633 2244 716 2304 modo,
726 2257 755 2295 ex
768 2243 844 2308 aliquo
861 2247 922 2310 quod
970 2253 971 2262 ¹

120 2317 213 2370 omnino
232 2317 327 2382 impedit
348 2318 431 2380 linem,
447 2320 472 2366 ut
494 2317 565 2368 nimia
587 2316 746 2381 superfluitas,
761 2317 800 2365 aut
819 2314 922 2368 deiectus
970 2343 971 2348 κ

120 2389 285 2453 comestionis,
301 2387 397 2454 impedit
418 2388 515 2438 salutem
539 2389 653 2453 corporis,
679 2386 744 2452 quasi
770 2386 920 2452 principalem
970 2429 971 2454 ,

120 2459 190 2510 linem
200 2460 356 2519 comestionis,
365 2463 389 2510 et
399 2460 481 2510 bonam
495 2460 651 2510 habitudinem
662 2460 687 2510 in
699 2460 798 2523 negotiis
811 2471 921 2512 exercen·

121 2533 169 2594 dis,
185 2532 225 2596 qui
241 2536 278 2582 est
296 2531 349 2583 linis
368 2531 516 2583 secundarius
536 2531 694 2584 comestionis.
714 2531 765 2583 Alio
787 2532 869 2594 modo,
892 2545 920 2584 ex
970 2545 971 2586 3

119 2603 196 2667 aliquo
207 2604 266 2666 quod
277 2604 335 2653 iacit
345 2602 462 2655 duncilem
473 2606 512 2652 aut
524 2602 602 2654 minis
611 2603 729 2656 decentem
744 2603 917 2668 perventionem
970 2611 971 2614 ’

122 2675 150 2725 ad
167 2674 235 2724 finem
249 2674 397 2740 principalem
408 2676 447 2726 sel
461 2675 635 2738 secundarium,
649 2675 709 2726 siunt
725 2675 852 2727 inordinata
874 2689 915 2728 co·
970 2693 971 2748 p

121 2744 203 2796 mestio
216 2745 324 2809 guantim
334 2746 362 2797 ad
372 2750 464 2811 tempus
477 2745 611 2798 indebitum.
622 2748 647 2797 Si
657 2760 712 2810 ergo
723 2749 782 2798 aetio
791 2747 822 2798 sit
833 2748 915 2799 incon·
970 2755 971 2808 i

121 2813 219 2867 ueniens
232 2815 284 2877 lini,
298 2817 364 2880 quasi
377 2817 470 2869 omuino
483 2817 606 2882 prohibens
618 2819 688 2870 finem
701 2817 868 2884 principalem,
878 2820 918 2870 dit
970 2837 971 2840 ¹

122 2885 185 2942 recte
196 2899 237 2953 per
249 2886 325 2952 legem
334 2891 420 2942 naturae
430 2888 571 2956 prohibetur,
585 2890 665 2956 primis
677 2891 799 2957 preceptis
810 2890 869 2956 legis
879 2903 918 2943 ua·
