2026 3304
152 139 184 188 96
300 149 503 198 snarnurrurunu,
520 149 614 194 numer.
631 149 676 198 nu,
687 149 750 187 ¹nur.
767 150 804 186 nr.

184 225 428 290 (Coruinum-Vir
437 224 490 276 eim
499 223 634 287 subiiciatur
644 225 710 275 uxori
719 225 744 274 iu
754 209 791 274 his
802 223 891 276 tautdm
898 239 963 289 puae

150 299 179 348 ad
193 301 268 348 aetum
286 301 373 348 natura
388 299 509 359 spectant,
524 299 600 360 potest
620 295 685 346 aiteu
704 308 729 346 se
749 296 802 346 dare
815 295 842 346 in
859 309 962 348 servum

150 368 236 432 absque
247 381 295 420 suaa
311 367 389 417 uxoris
406 365 544 429 consensu.)

181 440 317 504 Respondeo
336 436 532 500 dicendumqudd
546 436 583 486 uir
598 435 703 488 subditur
713 437 780 488 uxori
794 436 866 489 solim
878 437 905 488 in
915 438 960 490 his

61 529 63 532 ·
151 523 202 574 que
218 511 246 559 ad
260 513 335 559 aetum
348 512 435 560 natura
451 509 583 572 pertinent,
597 509 622 557 in
636 507 719 570 quibus
734 514 788 560 suut
802 509 912 574 aquales,
924 511 959 562 ad

151 595 202 645 quaa
215 580 333 632 servitutis
347 579 459 644 subjectio
473 592 498 630 aa
511 593 559 630 uon
577 578 696 643 extendit;
711 582 735 630 et
746 580 797 632 ideo
810 581 847 630 uir
859 581 961 634 nolente

150 665 238 715 uxore,
259 653 335 715 potest
349 664 375 702 se
388 650 454 701 alteri
473 649 497 700 iu
514 662 605 700 serrum
620 650 680 700 dare.
701 651 752 701 Non
766 653 844 702 tamen
862 663 892 700 ex
908 652 961 704 hoc

150 721 320 774 matrimonium
334 722 484 785 dissolvetur,
502 721 656 785 quianullum
671 720 861 784 impedimentum
871 723 959 773 matri-

152 793 224 844 monii
239 793 401 857 superveniens
424 797 500 859 potest
522 791 644 844 dissolvere
665 791 757 856 ipsum,
769 796 794 843 ut
813 792 963 845 dictumest

150 865 201 929 (qn.
213 869 252 925 to,
265 867 308 914 art.
324 868 348 926 1,
363 866 390 918 ad
407 865 441 926 i).

183 935 324 998 Adprimum
338 948 392 999 argo
407 935 536 998 dicendum,
551 932 611 997 qnod
624 935 687 983 fraus
699 933 759 984 hene
774 935 852 996 potest
870 946 963 986 uouere

152 1005 223 1069 eiqui
231 1005 335 1056 fraudem
345 1006 410 1069 iaeit,
424 1007 465 1057 sed
479 1018 526 1057 nou
535 1007 611 1068 potest
625 1004 691 1055 alteri
705 1004 866 1068 prnjndieium
880 1017 963 1068 peue-

151 1089 211 1128 rure.
231 1078 261 1128 Et
276 1077 343 1140 ideo,
359 1078 379 1128 si
401 1077 436 1128 rir
448 1077 587 1127 intrandam
601 1074 679 1126 uxoria
693 1089 718 1126 se
734 1076 802 1126 atteri
815 1077 853 1126 dat
865 1075 891 1125 iu
902 1089 960 1127 ser·

152 1161 222 1211 rum,
238 1148 289 1213 ipse
307 1149 414 1199 damnum
434 1151 553 1212 reportat,
566 1145 728 1198 inestimabile
746 1147 832 1197 bouum
843 1145 965 1200 libertatis

151 1220 270 1274 amittens.
288 1219 333 1272 Sed
346 1219 411 1270 uxori
424 1219 512 1270 uultum
526 1220 602 1282 potest
615 1231 645 1268 ex
657 1219 702 1268 hoo
715 1218 875 1282 prajnoieium
885 1231 965 1282 gene-

153 1290 207 1354 rari,
215 1291 269 1354 quin
282 1294 388 1342 teneatur
401 1291 496 1342 reddere
507 1289 609 1340 debitum
619 1289 717 1352 petenti,
732 1293 757 1340 et
773 1289 887 1340 adomnia
905 1303 965 1354 pum

154 1361 323 1415 matrimonium
334 1361 439 1428 requirit3
454 1361 572 1412 nonenim
587 1363 663 1425 potest
674 1360 702 1410 ab
722 1360 759 1410 inis
771 1361 858 1412 retrahi
866 1360 966 1414 domini

154 1433 192 1484 sui
205 1437 328 1497 precepto.

187 1505 221 1555 io
236 1504 362 1556 seeundum
375 1501 512 1564 dicendum,
531 1501 591 1566 quid
605 1502 716 1565 quantine
729 1503 757 1552 ad
773 1503 818 1554 irae
834 1501 894 1566 qndd
908 1517 966 1555 ser-

154 1574 217 1624 uitus
225 1572 371 1624 matrimonio
381 1575 504 1636 repugnat,
514 1571 684 1622 matrimonium
696 1571 801 1624 seruituti
811 1572 965 1640 prejudicat,

155 1642 209 1708 quia
228 1647 283 1693 tune
302 1655 383 1694 serras
400 1646 490 1694 tenetur
503 1641 569 1694 uxori
584 1642 686 1696 debitum
703 1643 813 1706 reddere,
830 1643 900 1692 etiam
914 1657 966 1698 no-

154 1714 216 1770 tante
228 1714 331 1768 domiuo.

186 1786 222 1837 td
233 1785 324 1838 tertium
336 1785 463 1846 dicendum,
474 1785 544 1850 quod,
556 1785 663 1850 quamuis
674 1785 699 1836 iu
715 1789 768 1836 actu
779 1785 963 1854 matrimoniali,

155 1857 218 1908 etin
230 1857 266 1908 iris
281 1869 333 1920 qus
343 1857 372 1908 ad
381 1860 484 1906 naturam
492 1860 597 1920 speotaut
606 1893 613 1917 ,
623 1855 651 1907 ad
662 1856 726 1920 paria
738 1856 774 1906 rir
788 1860 812 1907 et
824 1870 882 1908 uuor
893 1858 967 1922 judi-

156 1927 289 1985 coniurat
308 1938 359 1988 pua
379 1925 479 1978 conditio
499 1926 617 1981 seruitutis
636 1940 661 1978 se
679 1939 726 1978 non
745 1928 864 1990 extendit,
878 1933 966 1983 tamen

156 1996 266 2061 quintium
280 1998 308 2047 ad
323 1995 515 2060 dispensationem
527 1997 624 2060 dumis,
642 1999 703 2049 etad
717 1999 762 2050 alia
771 1999 904 2063 trrrjusmodi
920 2013 966 2053 su-

151 2069 289 2133 peraddita,
304 2067 340 2118 vir
359 2071 393 2119 est
407 2073 476 2133 eaput
486 2069 580 2132 uxoris,
595 2073 619 2120 et
631 2071 698 2120 debet
712 2071 826 2134 corripere
835 2083 895 2135 eam,
911 2085 966 2126 uon

153 2142 234 2193 autem
248 2140 389 2192 econverso.
405 2141 434 2190 itt
445 2141 496 2194 ideo
512 2155 570 2193 uuor
585 2155 632 2194 non
647 2145 724 2207 potest
740 2155 766 2194 sa
778 2144 833 2194 dara
846 2143 869 2192 iu
885 2144 968 2196 aneil-

156 2211 203 2262 iam
215 2212 309 2264 nolente
322 2210 382 2261 uiro.

188 2285 223 2336 id
243 2285 347 2346 quartum
365 2283 499 2346 ditandum,
514 2283 576 2348 nuto
595 2284 652 2336 ratio
669 2284 710 2334 ilia
724 2284 827 2349 procedit
845 2285 966 2341 derebus
1008 2331 1009 2334 ,

156 2355 359 2420 corruptibilibus,
380 2355 406 2404 iu
419 2355 503 2418 quibus
516 2354 583 2406 etiam
598 2356 668 2406 multa
681 2356 811 2420 impediunt
827 2357 966 2420 generatio-
1008 2367 1009 2372 ’

157 2437 219 2484 nem,
231 2439 282 2489 qun
295 2439 341 2476 nou
351 2425 471 2476 suiiaiuut
485 2427 513 2477 ad
519 2427 684 2478 desinendum
697 2439 744 2476 rem
760 2431 897 2490 generatam.
914 2427 966 2484 Sed

157 2494 183 2545 iu
194 2496 261 2546 rebus
275 2497 395 2562 perpetuis
407 2500 483 2561 potest
496 2497 682 2564 impedimentum
696 2498 798 2562 prestari
812 2512 841 2549 ne
853 2511 889 2549 res
905 2501 965 2555 talis
1008 2533 1009 2538 κ

157 2581 210 2619 essa
230 2567 340 2633 incipiat,
354 2582 402 2620 uon
426 2573 504 2646 autem
522 2574 548 2620 ut
569 2584 621 2622 esse
644 2569 752 2631 desistat,
775 2571 834 2622 sicut
851 2575 915 2636 patet
932 2576 967 2629 de

161 2732 263 2778 retinere
276 2731 376 2793 ptaeeat,
388 2738 443 2779 inno
454 2733 482 2778 de
493 2733 591 2790 eimpriai
603 2735 744 2782 coutinentia
752 2735 900 2794 intelligenda
912 2747 963 2804 est,

153 2805 215 2850 quaa
233 2793 320 2840 domiui
335 2797 448 2854 obsequio
464 2807 512 2840 nau
525 2795 668 2852 prmiudieat.
685 2798 729 2843 Sed
742 2799 818 2844 minda
836 2777 963 2866 congruit,

161 2857 244 2904 saltem
255 2857 343 2914 judiain
355 2863 530 2920 nostro,rerunr
538 2869 590 2915 quar
600 2863 727 2907 traetantur
738 2859 812 2907 ordiri
822 2869 846 2908 et
858 2869 961 2915 naiman.
