1948 3312
108 235 110 238 Ι
132 175 178 222 trid
246 185 447 236 sueetnusarnrr,
464 185 556 229 unusn-
573 183 692 234 nxrxurrr,
710 184 766 222 ann.
785 187 811 224 u.

132 261 241 319 tium,eut
248 261 315 311 elium
324 259 499 321 detendentium,
506 259 530 310 in
538 259 574 311 die
582 258 633 310 oium
642 259 754 322 jndiuabit
763 261 919 312 &redemite

132 329 258 382 bominum.
274 347 287 378 u
302 329 359 393 lingo
373 329 461 380 uidetur
473 329 533 395 qubd
547 329 586 382 illa
603 330 716 381 senmntia
729 333 752 380 et
771 333 845 382 totum
855 332 921 397 judi-

132 403 192 454 nium
209 400 336 453 mentaliter
348 400 498 464 compleatur.

162 471 419 538 (cormesio-Cium
428 485 498 538 prope
508 471 621 522 inlinitum
630 473 722 535 tempus
733 471 882 534 requireretur
891 473 922 524 in

128 544 213 609 judicio
234 543 369 604 universali,
384 545 403 594 si
416 556 456 608 per
469 542 605 594 locutionem
623 539 688 592 deret
707 542 827 604 uenalem,
840 545 921 607 pmln-

129 613 198 666 bilius
207 617 242 667 est
251 626 296 665 non
308 627 348 678 per
361 614 497 684 locutionem
508 614 607 664 uenalem
616 647 622 674 ,
632 611 671 662 sed
681 610 810 664 mentaliter
819 613 920 664 tutorum

129 695 181 742 esse
193 683 296 734 ultimum
309 682 442 748 judiciuml

132 805 148 818 ‚¹
159 751 291 816 ltmpeudeo
301 751 418 806 dicendum
427 791 434 816 ,
444 753 505 816 qudd
519 753 574 817 quid
583 751 642 802 eirea
652 754 713 802 bene
723 753 878 817 questionem
889 753 922 805 sit

129 837 207 876 nerum
216 860 223 886 ,
232 836 274 887 pro
283 826 345 875 terto
359 823 448 876 definiri
459 836 505 874 non
518 827 600 887 potest.
609 823 696 873 Tamen
705 823 845 886 probabilius
858 826 921 877 aesti-

129 896 202 956 matur
217 891 278 956 qudd
288 898 361 944 totum
374 894 429 945 illud
441 894 560 958 iuditium,
574 898 598 944 et
610 893 682 956 quoad
696 893 882 956 discussionem,
895 901 920 946 et

128 964 202 1028 quoad
214 962 379 1016 deaurationem
392 964 500 1015 malorum
511 964 554 1028 lt),
569 967 593 1014 et
604 962 827 1015 commendationem
844 965 920 1017 bono·

128 1045 177 1083 rum
184 1069 193 1095 ,
205 1037 228 1085 et
244 1034 318 1097 quoad
329 1035 465 1085 seutentiam
475 1036 502 1086 de
514 1035 624 1096 utrisque,
635 1032 766 1086 mentaliter
778 1034 916 1098 perficietur.

128 1101 153 1152 Si
166 1103 227 1154 euim
241 1103 348 1156 uoeabter
360 1103 498 1168 ungulorum
509 1104 568 1154 lecta
581 1105 736 1165 narrarentur,
750 1102 918 1156 inestimabilis

128 1174 258 1238 magnitudo
273 1175 382 1240 temporie
394 1177 421 1227 ed
441 1176 485 1228 boe
499 1175 634 1239 sumeretur.
650 1172 714 1224 Sicut
728 1173 918 1240 eben-lingueb-

127 1257 171 1294 nus
185 1245 253 1306 dieit,
272 1246 321 1296 lix.
337 1248 372 1298 De
389 1246 464 1298 civit.
481 1246 526 1295 Dei
538 1245 547 1307 (
559 1257 608 1308 rep.
620 1243 658 1306 t),
671 1242 731 1306 qndd
749 1259 764 1291 u
777 1244 797 1294 i
806 1245 918 1309 liberter

127 1314 192 1378 eujus
209 1313 318 1380 seriptum
332 1328 410 1367 omnes
420 1313 592 1379 judicabuntur,
604 1316 629 1364 ut
639 1312 719 1364 dieitur
727 1313 845 1378 Apuani..
855 1316 917 1378 llil),

126 1384 243 1437 carnanter
252 1384 376 1449 ooqitetnr,
387 1384 438 1448 quis
448 1384 498 1448 ejus
510 1383 688 1447 magnitudinem
699 1387 740 1433 aut
749 1383 918 1448 longitudinem

126 1453 200 1504 valeat
212 1455 339 1518 estimare,
355 1458 394 1506 aut
406 1457 490 1519 quanto
501 1457 601 1517 tempure
613 1453 658 1516 legi
670 1451 752 1516 poterit
762 1453 822 1504 liber
837 1454 863 1504 in
872 1467 917 1519 quo

125 1523 215 1587 seripte
230 1529 283 1576 suut
292 1524 403 1576 universe
416 1523 469 1576 uile
479 1523 674 1574 uniuersorumtu
686 1522 737 1574 lion
747 1528 826 1574 autem
842 1525 919 1576 mium

124 1596 214 1657 ternpus
228 1594 346 1658 requiritur
359 1594 387 1644 ad
402 1593 534 1644 narrandum
549 1605 588 1644 ore
602 1595 669 1642 tenus
682 1590 823 1654 singulorum
838 1593 919 1656 lame,

125 1661 191 1726 quim
203 1665 230 1715 ad
245 1665 373 1728 legendum,
383 1664 403 1714 si
421 1668 499 1716 essent
511 1661 536 1712 in
548 1661 607 1713 libro
620 1661 730 1712 mebriali
744 1661 839 1728 ruiptn
852 1665 918 1716 Unde

124 1731 238 1793 probabile
251 1736 286 1783 est
302 1733 360 1797 qudd
374 1733 412 1783 ille
430 1745 481 1796 qum
493 1731 597 1782 dicuntur
609 1729 713 1790 Metti„
725 1730 802 1795 lixit,
814 1745 863 1784 non
874 1746 918 1784 ro·

123 1801 200 1852 naliter
219 1803 259 1853 sed
279 1804 406 1856 mentaliter
419 1801 566 1867 intelligenda
586 1805 640 1852 snut
652 1813 703 1852 esee
717 1799 867 1864 perdeienda.

155 1871 187 1920 nd
198 1870 293 1934 primurn
307 1885 360 1936 erqo
370 1873 497 1936 dicendum,
505 1871 563 1936 quod
571 1883 612 1936 pro
621 1874 684 1922 tauto
697 1871 751 1922 dicit
761 1874 917 1937 augustiuus,

123 1939 182 2006 qndd
196 1939 305 1992 incertum
320 1947 355 1993 est
367 1955 407 2006 per
420 1947 475 2006 quot
489 1943 536 1996 dies
554 1942 597 1992 bue
609 1940 719 2006 iudicium
733 1943 847 2004 tendatur,
860 1945 916 2009 quia

123 2023 169 2064 non
187 2015 223 2063 est
235 2011 404 2062 determinatum
425 2013 501 2064 uuum
519 2013 646 2070 mentaliter
663 2011 701 2062 rel
715 2011 828 2064 poenitur
844 2015 915 2078 peril·

123 2081 201 2132 tiator.
212 2081 304 2132 sienim
314 2082 421 2134 roenliter
437 2083 589 2148 perficeretur,
603 2082 715 2146 pmlirum
728 2085 819 2147 tempus
829 2084 859 2134 nd
869 2086 914 2137 boe
967 2095 968 2142 l

123 2151 262 2214 erigeretur3
277 2151 297 2202 si
314 2157 389 2204 antem
402 2153 536 2216 mentaliter,
551 2153 575 2204 in
586 2156 699 2204 momento
711 2152 759 2204 lieri
775 2154 869 2216 poterit.
967 2159 968 2164 ’

153 2222 186 2274 nd
197 2223 321 2274 seeundum
332 2223 463 2288 dicendum,
475 2224 536 2288 qudd
550 2221 639 2274 etiamsi
647 2221 756 2286 judicium
769 2222 810 2274 tat
823 2229 912 2278 ruente

122 2292 175 2343 liter
188 2289 288 2352 tantiam,
304 2293 398 2346 uerbum
413 2293 513 2358 Gregorii
526 2294 608 2346 saltari
624 2294 720 2358 poterit,
734 2294 787 2357 quia
800 2294 845 2345 etsi
861 2308 912 2348 om-

121 2361 189 2412 nibus
204 2361 346 2412 innotescent
360 2375 400 2412 sue
409 2367 433 2414 et
446 2365 539 2417 aliorum
553 2364 623 2423 leem,
634 2362 711 2414 dirim
720 2363 804 2414 uirtute
812 2365 857 2416 bon
874 2365 910 2416 ta·
967 2353 968 2404 Ϊ

122 2430 204 2492 ciente,
218 2430 299 2493 quein
312 2431 434 2497 Evangelio
446 2433 541 2484 locutio
553 2433 649 2494 dieitur,
658 2437 734 2486 tantm
746 2433 778 2484 illi
790 2435 830 2498 qui
842 2436 907 2487 tidem

121 2500 256 2562 babuemnt,
270 2513 336 2564 quern
349 2515 378 2554 ex
393 2503 468 2555 uerbis
481 2504 522 2554 bei
535 2508 705 2566 conceperunt,
718 2515 748 2554 ex
762 2503 821 2568 ipsis
834 2505 908 2558 uerbis
967 2505 968 2528 l

153 2665 187 2728 (ll
199 2667 256 2714 suta
269 2673 468 2727 exprobrationem
481 2671 526 2717 illie
539 2669 552 2716 d
565 2671 653 2717 dnrlem
664 2671 764 2732 tatem,
777 2674 839 2731 qudd
852 2687 905 2725 enm
967 2703 968 2726 r

120 2731 258 2776 esurientem
269 2742 315 2778 non
324 2735 437 2790 ponerint,
447 2733 506 2788 quod
518 2733 631 2778 sitientem
639 2744 686 2779 non
697 2736 839 2795 putaverint,
847 2743 903 2800 ete„
967 2735 968 2782 1

120 2792 817 2914 fla'e'ee’sspr‘gsirtilussszdmmmmb⁰⁰⁰mmqu⁰⁵m
827 2801 903 2848 unuin
