2024 3328
132 170 176 224 lta
219 213 223 218 .
284 179 485 234 mmeramme,
501 177 594 228 minsa.
612 179 666 232 err,
684 175 738 220 nnn.
756 176 772 218 r,

132 261 201 312 alieni
210 260 254 326 (t).
265 259 334 310 »Sed
347 260 391 308 lroc
400 271 447 310 non
458 261 519 311 essct
533 259 553 309 si
566 258 626 308 inter
639 270 680 308 eos
694 261 773 322 posset
787 269 874 307 rerum
893 270 951 308 mn-

131 331 262 383 trimonium
281 329 392 381 contrahi.
406 331 466 394 Engo
482 327 603 394 disparitas
614 327 690 380 cultris
705 326 881 378 matrimonium
898 329 950 378 im·
1006 333 1007 336 ’

149 403 203 453 edit.
439 401 442 408 ⁴

132 417 147 468 p
165 469 425 538 (concussio—Cum
435 472 547 535 conjuges
560 471 584 520 ln
599 471 642 520 lide
656 469 833 528 dissentientes,
846 469 951 533 prolem

133 545 161 596 ad
178 545 219 594 llei
232 545 319 594 cultum
335 543 432 593 educare
449 546 577 606 nequeant,
592 541 666 592 cultds
682 539 802 605 disparitas
816 541 950 591 matrimo-

133 615 198 665 nium
214 615 347 680 pracedens
362 613 470 678 impedit,
487 626 516 664 oe
533 611 633 664 infidelis
652 624 703 662 com
718 611 780 662 lideli
798 613 950 664 contrahere

133 686 230 752 possit.)

167 758 301 822 despondeo
310 757 445 815 dicendum,
459 755 521 820 qnod
534 755 685 820 principalius
695 754 835 805 matrimonii
848 755 949 806 bonurn

135 833 171 880 est
183 829 259 894 proles
272 827 300 878 ad
312 828 398 878 cultum
413 827 453 878 llei
468 827 596 878 educanda.
611 825 669 875 Cdm
688 829 763 876 autem
777 826 888 877 educatio
904 827 951 878 fiat

136 901 286 953 communiter
300 914 341 964 per
357 903 446 964 patrem
456 903 480 950 et
497 901 605 960 matram,
620 902 713 961 uterque
729 897 854 948 secundirm
871 898 950 948 tidem

136 988 199 1026 suam
210 974 309 1024 intendit
321 974 348 1023 ad
359 973 445 1022 cultum
461 973 500 1024 liei
511 973 598 1036 prolem
612 972 718 1022 educare.
735 971 764 1020 Et
772 969 841 1030 meo,
858 971 882 1021 si
895 971 949 1022 slot

136 1045 233 1096 diverso
249 1044 316 1108 fidei,
329 1043 427 1094 intentio
439 1042 507 1093 unius
517 1043 611 1093 alterins
626 1041 748 1092 donationi
759 1039 876 1091 contraria
885 1041 949 1106 erit;

136 1115 206 1166 etita
216 1116 275 1166 inter
286 1128 325 1166 eos
339 1127 385 1166 non
402 1116 478 1178 potest
495 1127 546 1164 esse
559 1112 701 1164 conveniens
714 1110 899 1163 matrimonium.
916 1111 951 1163 lat

136 1191 230 1254 propter
243 1189 289 1238 laon
298 1187 417 1251 disparitas
429 1186 502 1236 cullds
514 1187 646 1250 precedens
659 1183 827 1236 matrimonium
840 1183 950 1248 torpedo

137 1272 168 1310 nc
183 1258 285 1310 contrahi
297 1258 377 1323 possit.
555 1271 563 1328 '.

170 1332 205 1382 nd
218 1331 317 1396 primum
332 1342 386 1394 ergo
400 1331 518 1380 dicendum
528 1367 534 1390 ‚
543 1330 611 1393 ¹quod
623 1330 647 1380 ln
661 1331 733 1379 vetent
748 1329 801 1393 lege
813 1327 840 1379 dc
855 1329 949 1392 alioni-

139 1403 182 1453 lnns
195 1402 323 1454 infidelitas
341 1405 391 1451 crat
405 1400 559 1464 permissump
574 1399 636 1464 quod
652 1405 704 1450 cum
718 1401 753 1451 eis
768 1403 864 1464 possent
880 1402 948 1452 inire

139 1473 258 1538 conjugia,
270 1477 294 1524 et
307 1473 335 1522 de
352 1472 466 1536 aliquibus
478 1472 626 1532 prohibitum.
639 1473 781 1538 specialiter
794 1475 871 1522 eutero
888 1485 949 1536 pro-

140 1545 237 1596 hllaitom
253 1548 307 1596 erat
327 1545 355 1594 de
376 1543 503 1594 inlldelilrus
521 1543 676 1594 habitantibus
695 1543 718 1593 in
736 1547 795 1593 terra
811 1543 946 1606 ennoean,

140 1619 189 1667 tum
205 1617 259 1681 apula
283 1615 391 1668 dominus
409 1620 549 1682 preceperat
566 1627 606 1667 eos
628 1615 717 1676 occidi,
741 1618 831 1679 propter
857 1627 948 1666 eorum

140 1688 329 1752 obstinationem
344 1691 392 1738 tum
406 1687 461 1751 qula
475 1687 549 1752 majus
558 1687 683 1752 pericnlum
696 1685 878 1750 intumulatus
895 1687 949 1736 scl-

140 1759 197 1810 licet¹
202 1761 313 1823 conjuges
325 1762 365 1809 ant
376 1759 434 1809 lilios
453 1760 481 1810 ad
490 1758 638 1810 idololatriam
652 1759 817 1822 perverterent,
829 1759 888 1820 quia
904 1757 948 1807 dlii

141 1829 210 1880 lsrael
228 1831 255 1879 ad
267 1831 331 1880 nllus
347 1834 371 1880 et
387 1831 416 1880 ad
434 1843 508 1880 mores
525 1841 604 1881 eornm
624 1829 833 1893 pronunciemus,
849 1833 950 1894 propter

142 1903 336 1952 contensationem
350 1914 402 1951 cunr
411 1901 456 1952 eis.i
468 1903 513 1952 Sed
524 1903 551 1952 de
563 1902 614 1952 aliia
625 1902 732 1964 gentibus
750 1901 868 1966 permisit,
884 1915 950 1966 prro·

141 1971 214 2036 cipue
224 1972 315 2036 quando
332 1985 377 2022 non
391 1977 480 2036 poterat
492 1982 545 2023 esse
554 1972 623 2024 timor
642 1973 787 2036 permanendi
799 1972 827 2022 ad
845 1972 948 2024 idolola-

142 2041 223 2107 triam3
238 2047 262 2094 ct
280 2043 314 2094 sic
328 2044 428 2108 loseph,
440 2047 464 2094 et
478 2044 583 2108 llopses,
598 2047 621 2094 et
636 2045 719 2094 Esther
739 2058 789 2094 cum
810 2043 947 2095 inlldetrous

143 2113 286 2166 matrimonia
302 2118 471 2166 contraxerunt.
485 2116 530 2167 Sed
551 2115 574 2166 ln
588 2128 648 2166 nonu
662 2116 727 2179 lege,
740 2127 791 2180 qus
808 2128 851 2180 per
868 2119 945 2166 toturn

143 2188 220 2239 orbem
230 2186 375 2249 diffunditur,
389 2185 472 2237 similis
480 2187 538 2238 ratio
551 2186 686 2251 prohibendi
698 2189 734 2238 est
746 2188 774 2238 de
784 2185 892 2237 omnibus
906 2185 945 2235 in·

143 2259 254 2310 lidelibus.
269 2259 299 2308 Et
320 2257 373 2308 ideo
394 2257 513 2322 disparitas
528 2258 602 2308 cultris
622 2258 752 2322 procedens
771 2257 946 2308 matrimonium

142 2329 238 2395 impedit
250 2329 441 2392 contrahendum,
455 2333 479 2380 et
492 2329 577 2380 dirimit
589 2333 739 2380 contractum.

175 2400 209 2451 nd
226 2401 349 2452 secundum
363 2400 497 2464 dicendum,
509 2400 569 2466 quod
581 2402 619 2452 lex
630 2401 668 2450 illa
684 2399 832 2464 colloquitur
844 2402 872 2451 de
890 2397 945 2450 alils

143 2472 286 2536 nationibus,
303 2487 353 2524 cunr
363 2471 444 2537 quihus
456 2471 517 2525 licite
529 2475 634 2536 poterant
646 2469 705 2522 inire
715 2471 838 2536 conjugia,
852 2471 892 2522 rel
909 2470 946 2520 lo·

142 2543 220 2606 quitur
233 2544 323 2607 qnando
339 2545 378 2596 illa
386 2543 476 2609 captiva
489 2543 517 2594 ad
526 2544 593 2595 fldem
603 2546 627 2594 et
635 2543 722 2594 cultum
736 2542 774 2592 ltei
786 2541 887 2594 movent
902 2549 944 2592 ro·

143 2613 213 2664 labat.

175 2687 208 2738 lld
220 2686 312 2738 tertium
331 2687 466 2753 dicendum,
481 2685 541 2750 qodd
554 2685 633 2736 cadero
646 2687 683 2737 est
694 2684 805 2736 halllndo
817 2682 942 2748 presentis

142 2847 144 2852 ’
176 2843 207 2908 (l)
223 2845 248 2891 ld
258 2850 308 2906 est,
325 2845 468 2892 ethnicorum
479 2844 527 2892 sinc
541 2843 660 2901 gentilium
673 2809 738 2888 dlias⁴
745 2843 770 2886 ln
784 2853 867 2888 uxorcs
878 2851 940 2900 pto·

142 2909 204 2963 prius
223 2907 378 2966 assumendo,
392 2911 417 2952 ut
430 2909 584 2965 Hieronymus
597 2905 769 2964 intorpretatur.
840 2923 842 2928 ·

71 3167 151 3192 A

152 3193 184 3256 ἱ
