1968 3294
158 163 206 212 ott
300 163 496 213 snrrmumruu,
514 163 604 207 ounsr.
622 159 692 212 xciv,
709 161 764 200 err.
782 163 800 200 ι.

156 237 213 288 bunt
230 237 331 289 miserim
349 239 516 299 tinniturum,
526 236 551 286 in
568 233 650 301 qubus
661 237 698 288 est
711 247 801 286 summe
814 239 948 304 turpitude,

184 307 229 359 Sed
247 311 327 359 eoutm
341 309 393 368 est,
411 306 471 371 qudd
483 306 565 357 dieitur
579 306 650 363 lent„
664 304 708 356 ult.
725 321 732 356 :
748 321 764 355 u
782 307 950 373 egredientur,

41 373 42 378 ’
155 375 298 430 etuidebnnt
309 377 418 429 unumne
433 378 531 428 rimmo
546 377 586 440 qui
597 375 740 439 prevaricati
754 379 810 428 snut
822 377 851 428 in
865 391 950 442 me;»

155 447 235 500 illosne
255 465 262 498 ι
277 465 292 498 ιι
307 447 377 499 llleoti
391 447 533 512 εμιιιιιιιιιι
544 445 692 509 intelligentia
704 445 742 497 rel
755 447 849 499 unione
868 450 950 500 meni·

155 518 224 582 testi,
237 522 263 570 ut
275 518 305 570 ed
314 517 402 569 leudem
414 517 456 568 liei
467 516 539 582 nugis
555 517 713 568 accendantur.
726 529 741 564 ι

188 589 347 650 (Goucnnsno.
363 613 395 626 -·
405 586 464 638 cum
476 587 588 638 οοιιιιιιιι
598 587 664 650 juxta
675 598 700 637 se
714 587 788 650 ponite
800 587 880 653 magis
899 589 953 640 elu-

156 662 246 712 eeseent
256 660 332 722 ,beuti
342 660 367 709 in
380 670 450 723 regnu
460 658 547 709 uoluti
558 657 667 708 videbunt
679 669 760 722 penes
771 657 948 720 damnatorum,

156 733 183 780 ut
195 728 309 780 beatitudo
326 728 373 780 illis
385 727 458 792 magis
470 727 629 792 complueret.)

186 798 321 863 Respondet>
337 799 471 861 dicendum,
488 797 548 862 qudi
561 796 575 848 l
586 798 663 850 bueus
682 797 742 848 nibil
757 798 867 850 subtrahi
880 800 952 852 debet

156 870 217 934 quod
230 869 259 921 ud
273 867 435 934 perlectionem
452 867 598 924 beatitudinis
617 880 695 920 eorum
713 868 840 932 pertineat.
861 872 952 922 Unum

155 939 261 1004 quodque
271 943 347 990 eutem
362 951 392 988 ex
403 937 570 1003 eompurutione
581 937 686 990 euntrerii
701 937 774 1002 magis
789 941 951 1004 cognoscitur,

156 1009 210 1071 quia
223 1025 237 1057 u
250 1008 433 1074 eontrariujuxte
441 1021 467 1060 se
475 1007 558 1072 positu,
568 1007 789 1072 mugiseluueseunt,
797 1025 812 1056 ιι
829 1010 878 1076 (ex
891 1011 950 1061 libro

156 1077 359 1134 problematum,
377 1081 433 1129 sect.
448 1081 479 1127 ll
488 1077 509 1141 i.
526 1075 555 1127 lle
566 1077 631 1142 ideo,
644 1081 670 1127 ut
685 1077 802 1130 beatitudo
816 1086 951 1132 sanctornm

157 1147 191 1198 eis
207 1149 279 1212 magns
292 1149 440 1212 eompluceat,
458 1150 481 1198 et
491 1147 519 1198 de
530 1157 558 1198 eu
569 1147 685 1198 uberiores
704 1148 789 1211 gmtius
803 1150 852 1202 lieo
866 1154 950 1214 ment,

157 1217 223 1270 datur
232 1219 267 1270 eis
278 1223 305 1269 ut
316 1231 405 1284 puenuru
417 1218 536 1282 impiorum
547 1217 647 1281 perfecte
661 1217 763 1270 uideant.

189 1289 334 1352 ltprimum
351 1301 405 1351 ergo
420 1287 553 1351 dicendum,
569 1287 630 1352 quod
647 1287 726 1340 Glossa
745 1285 786 1339 ille
798 1289 905 1354 loquitur
920 1289 949 1340 de

158 1359 241 1410 sanetis
253 1359 358 1420 mortuis,
373 1359 496 1410 seeundum
516 1358 687 1422 possibilitatem
703 1361 803 1424 nuture3
821 1374 870 1412 non
888 1360 950 1412 euim

158 1431 247 1493 oportet
263 1432 290 1482 ut
307 1429 402 1480 naturali
424 1429 553 1492 cognitione
571 1431 707 1494 cognoscunt
726 1430 873 1496 omniaque
897 1443 949 1496 erge

157 1497 224 1549 riuos
242 1502 347 1562 aguntur.
361 1499 407 1549 Sed
421 1498 493 1548 saneti
516 1498 556 1561 qui
572 1501 624 1550 suut
645 1499 670 1549 in
692 1500 778 1564 putria,
793 1501 876 1551 omniu
891 1499 949 1552 clari

159 1572 296 1630 cognoscunt
312 1582 362 1632 que
375 1575 472 1631 uprntuu
484 1573 507 1620 et
518 1569 577 1634 apud
587 1569 694 1630 uiatores,
708 1573 731 1620 et
744 1571 805 1634 upnd
818 1571 948 1623 damnatos

158 1636 223 1689 Unde
238 1639 358 1702 Gregorius
369 1637 423 1688 dieit
432 1639 481 1689 llll.
496 1636 536 1690 lib.
552 1637 645 1690 dierat.
655 1654 690 1687 :u
704 1639 735 1690 lie
745 1640 869 1691 animabus
882 1654 949 1692 sene

160 1706 190 1757 tis
201 1708 342 1760 sentiendum
353 1719 399 1759 non
414 1713 448 1758 est
461 1709 504 1760 boo
514 1712 537 1768 ut
550 1708 637 1759 scilieet
649 1707 710 1772 qudd
725 1708 771 1758 too
781 1709 856 1773 dicit,
870 1727 885 1760 u
898 1713 946 1763 siro

160 1777 248 1831 nobiles
258 1779 341 1830 tuerint
353 1779 394 1830 filii
403 1780 464 1844 eius,
472 1779 520 1830 sire
529 1778 651 1843 ignobiles,
660 1792 705 1832 nou
714 1779 836 1845 intelliget,
846 1799 863 1830 ιι
878 1784 945 1846 ete),

161 1865 176 1897 u
191 1849 245 1912 quia
260 1862 310 1913 que
324 1850 385 1899 intus
398 1849 482 1900 hebent
491 1847 533 1899 liei
543 1849 666 1900 ιιιιιιιιιιι
674 1885 683 1912 ,
697 1849 839 1902 nullomodo
851 1853 946 1904 deden·

161 1919 215 1969 dum
223 1921 259 1969 est
270 1919 329 1982 qubd
348 1919 402 1970 ioris
413 1919 443 1969 sit
459 1917 543 1984 aliquid
553 1918 613 1983 qnod
625 1920 738 1984 ignorent.
752 1936 767 1968 ι

192 1989 226 2041 ιιι
237 1990 360 2041 seeundum
372 1988 498 2053 diluendum,
507 1987 567 2054 qudd
578 1989 682 2054 ιιιιιιιιιι
691 1991 837 2055 pulchritudo
850 1993 946 2045 visibilis

57 2089 60 2094 -
161 2059 191 2111 ud
202 2060 361 2126 perlectionem
370 2059 441 2108 tuoiut
451 2060 558 2123 visionis,
569 2059 667 2112 visibilis
675 2064 753 2112 tumen
767 2062 888 2127 turpitudo
896 2064 945 2116 siue

162 2131 254 2183 vidonis
269 2129 439 2195 imperiectione
456 2142 508 2182 ense
529 2135 615 2196 potest.
634 2129 726 2196 speeies
745 2131 808 2182 euim
829 2145 905 2184 renum
921 2137 945 2185 iu

163 2201 249 2267 enine,
263 2215 304 2266 per
313 2213 369 2265 quas
380 2202 493 2252 eontrarin
505 2206 679 2266 eognosenntur,
693 2215 740 2254 nou
753 2207 808 2255 eunt
819 2207 948 2258 metrum.

164 2271 227 2324 Unde
247 2272 316 2321 etium
334 2272 409 2331 bens,
423 2271 463 2334 qui
479 2273 666 2336 periurissimum
689 2273 845 2336 segnitimeru
865 2277 943 2339 hebet,

163 2343 240 2395 omniu
250 2342 342 2406 pulobru
353 2343 377 2391 et
391 2341 465 2408 turpia
480 2343 550 2395 uidet.

457 2521 616 2574 linteolus
630 2523 659 2574 ll.

230 2643 317 2691 Utrum
331 2643 391 2690 beati
408 2645 583 2702 compatiuntur
596 2644 699 2690 miseriis
713 2644 887 2702 dmnuotoruttt.

199 2763 232 2818 ld
248 2769 371 2820 seeundum
385 2769 420 2819 sie
436 2766 571 2832 proceditur.
585 2767 678 2820 vitetur
695 2767 754 2833 qudd
773 2769 837 2822 beuti
852 2770 942 2824 meib

168 2837 500 2902 duunetoruneomputieutnr.
517 2837 720 2896 comprobentur
733 2851 763 2890 ex
776 2841 884 2894 enaritate
896 2855 940 2905 pro
