<?xml version="1.0" encoding="UTF-8"?>
<!DOCTYPE html PUBLIC "-//W3C//DTD XHTML 1.0 Transitional//EN"
    "http://www.w3.org/TR/xhtml1/DTD/xhtml1-transitional.dtd">
<html xmlns="http://www.w3.org/1999/xhtml" xml:lang="en" lang="en">
 <head>
  <title>
</title>
<meta http-equiv="Content-Type" content="text/html;charset=utf-8" />
  <meta name='ocr-system' content='tesseract 3.04.00' />
  <meta name='ocr-capabilities' content='ocr_page ocr_carea ocr_par ocr_line ocrx_word'/>
</head>
<body>
  <div class='ocr_page' id='page_1' title='image "./summatheologica06nicogoog_0196.png"; bbox 0 0 2024 3328; ppageno 0'>
   <div class='ocr_carea' id='block_1_1' title="bbox 149 191 787 251">
    <p class='ocr_par' dir='ltr' id='par_1_1' title="bbox 149 191 787 251">
     <span class='ocr_line' id='line_1_1' title="bbox 149 191 787 251; baseline -0.003 -11"><span class='ocrx_word' id='word_1_1' title='bbox 149 191 196 240; x_wconf 74' lang='lat'><strong>192</strong></span> <span class='ocrx_word' id='word_1_2' title='bbox 305 199 509 251; x_wconf 82' lang='lat' dir='ltr'><strong>sunennumtnnra,</strong></span> <span class='ocrx_word' id='word_1_3' title='bbox 525 198 619 246; x_wconf 65' lang='lat' dir='ltr'><strong>eumer.</strong></span> <span class='ocrx_word' id='word_1_4' title='bbox 635 200 680 251; x_wconf 83' lang='lat' dir='ltr'><strong>nx,</strong></span> <span class='ocrx_word' id='word_1_5' title='bbox 696 198 751 238; x_wconf 81' lang='lat' dir='ltr'><strong>aar.</strong></span> <span class='ocrx_word' id='word_1_6' title='bbox 770 199 787 238; x_wconf 89' lang='lat' dir='ltr'><strong>r.</strong></span> 
     </span>
    </p>
   </div>
   <div class='ocr_carea' id='block_1_2' title="bbox 124 275 1003 2784">
    <p class='ocr_par' dir='ltr' id='par_1_2' title="bbox 124 275 949 1058">
     <span class='ocr_line' id='line_1_2' title="bbox 149 275 946 343; baseline -0.004 -12"><span class='ocrx_word' id='word_1_7' title='bbox 149 282 224 331; x_wconf 85' lang='lat' dir='ltr'><strong>actum</strong></span> <span class='ocrx_word' id='word_1_8' title='bbox 242 275 346 330; x_wconf 82' lang='lat' dir='ltr'><strong>nuclterii</strong></span> <span class='ocrx_word' id='word_1_9' title='bbox 364 290 415 330; x_wconf 85' lang='lat' dir='ltr'><strong>eam</strong></span> <span class='ocrx_word' id='word_1_10' title='bbox 433 277 576 342; x_wconf 76' lang='lat' dir='ltr'><strong>interficere,</strong></span> <span class='ocrx_word' id='word_1_11' title='bbox 594 279 803 343; x_wconf 81' lang='lat' dir='ltr'><strong>quantumcumque</strong></span> <span class='ocrx_word' id='word_1_12' title='bbox 823 276 879 330; x_wconf 82' lang='lat' dir='ltr'><strong>aciat</strong></span> <span class='ocrx_word' id='word_1_13' title='bbox 894 289 946 330; x_wconf 84' lang='lat' dir='ltr'><strong>earn</strong></span> 
     </span>
     <span class='ocr_line' id='line_1_3' title="bbox 148 348 947 414; baseline -0.005 -12"><span class='ocrx_word' id='word_1_14' title='bbox 148 364 200 402; x_wconf 87' lang='lat' dir='ltr'><strong>asse</strong></span> <span class='ocrx_word' id='word_1_15' title='bbox 215 351 356 414; x_wconf 71' lang='lat' dir='ltr'><strong>adulteram,</strong></span> <span class='ocrx_word' id='word_1_16' title='bbox 366 363 441 414; x_wconf 81' lang='lat' dir='ltr'><strong>neque</strong></span> <span class='ocrx_word' id='word_1_17' title='bbox 454 348 583 401; x_wconf 78' lang='lat' dir='ltr'><strong>secundine</strong></span> <span class='ocrx_word' id='word_1_18' title='bbox 591 350 654 414; x_wconf 76' lang='lat' dir='ltr'><strong>leges</strong></span> <span class='ocrx_word' id='word_1_19' title='bbox 667 348 761 412; x_wconf 78' lang='lat' dir='ltr'><strong>ciuiles,</strong></span> <span class='ocrx_word' id='word_1_20' title='bbox 774 361 847 413; x_wconf 83' lang='lat' dir='ltr'><strong>nuque</strong></span> <span class='ocrx_word' id='word_1_21' title='bbox 859 362 947 401; x_wconf 83' lang='lat' dir='ltr'><strong>secuu-</strong></span> 
     </span>
     <span class='ocr_line' id='line_1_4' title="bbox 150 419 946 485; baseline -0.004 -12"><span class='ocrx_word' id='word_1_22' title='bbox 150 422 204 473; x_wconf 87' lang='lat' dir='ltr'><strong>dium</strong></span> <span class='ocrx_word' id='word_1_23' title='bbox 222 423 297 485; x_wconf 76' lang='lat' dir='ltr'><strong>legam</strong></span> <span class='ocrx_word' id='word_1_24' title='bbox 318 421 462 474; x_wconf 78' lang='lat' dir='ltr'><strong>conscientie</strong></span> <span class='ocrx_word' id='word_1_25' title='bbox 477 421 541 473; x_wconf 87' lang='lat' dir='ltr'><strong>licet.</strong></span> <span class='ocrx_word' id='word_1_26' title='bbox 562 422 607 474; x_wconf 82' lang='lat' dir='ltr'><strong>Sed</strong></span> <span class='ocrx_word' id='word_1_27' title='bbox 624 421 663 474; x_wconf 79' lang='lat' dir='ltr'><strong>lex</strong></span> <span class='ocrx_word' id='word_1_28' title='bbox 686 419 760 472; x_wconf 75' lang='lat' dir='ltr'><strong>ciuilia</strong></span> <span class='ocrx_word' id='word_1_29' title='bbox 781 421 846 485; x_wconf 80' lang='lat' dir='ltr'><strong>quari</strong></span> <span class='ocrx_word' id='word_1_30' title='bbox 857 419 946 471; x_wconf 87' lang='lat' dir='ltr'><strong>licitum</strong></span> 
     </span>
     <span class='ocr_line' id='line_1_5' title="bbox 148 491 947 559; baseline -0.005 -14"><span class='ocrx_word' id='word_1_31' title='bbox 148 497 265 559; x_wconf 85' lang='lat' dir='ltr'><strong>computat</strong></span> <span class='ocrx_word' id='word_1_32' title='bbox 276 492 336 558; x_wconf 80' lang='lat' dir='ltr'><strong>quial</strong></span> <span class='ocrx_word' id='word_1_33' title='bbox 351 493 376 544; x_wconf 88' lang='lat' dir='ltr'><strong>in</strong></span> <span class='ocrx_word' id='word_1_34' title='bbox 388 493 439 558; x_wconf 82' lang='lat' dir='ltr'><strong>ipsu</strong></span> <span class='ocrx_word' id='word_1_35' title='bbox 451 496 504 544; x_wconf 83' lang='lat' dir='ltr'><strong>actu</strong></span> <span class='ocrx_word' id='word_1_36' title='bbox 515 507 566 546; x_wconf 87' lang='lat' dir='ltr'><strong>aum</strong></span> <span class='ocrx_word' id='word_1_37' title='bbox 578 492 715 556; x_wconf 82' lang='lat' dir='ltr'><strong>interliciat,</strong></span> <span class='ocrx_word' id='word_1_38' title='bbox 729 505 775 544; x_wconf 94' lang='lat' dir='ltr'><strong>nun</strong></span> <span class='ocrx_word' id='word_1_39' title='bbox 788 491 854 556; x_wconf 79' lang='lat' dir='ltr'><strong>quant</strong></span> <span class='ocrx_word' id='word_1_40' title='bbox 866 491 947 557; x_wconf 84' lang='lat' dir='ltr'><strong>praci-</strong></span> 
     </span>
     <span class='ocr_line' id='line_1_6' title="bbox 148 563 947 631; baseline -0.004 -15"><span class='ocrx_word' id='word_1_41' title='bbox 148 565 232 631; x_wconf 84' lang='lat' dir='ltr'><strong>piens,</strong></span> <span class='ocrx_word' id='word_1_42' title='bbox 248 567 288 618; x_wconf 86' lang='lat' dir='ltr'><strong>aed</strong></span> <span class='ocrx_word' id='word_1_43' title='bbox 301 565 366 630; x_wconf 80' lang='lat' dir='ltr'><strong>quasi</strong></span> <span class='ocrx_word' id='word_1_44' title='bbox 383 577 474 630; x_wconf 86' lang='lat' dir='ltr'><strong>prauum</strong></span> <span class='ocrx_word' id='word_1_45' title='bbox 485 564 604 617; x_wconf 85' lang='lat' dir='ltr'><strong>homicidii</strong></span> <span class='ocrx_word' id='word_1_46' title='bbox 622 565 646 616; x_wconf 87' lang='lat' dir='ltr'><strong>ci</strong></span> <span class='ocrx_word' id='word_1_47' title='bbox 658 577 703 616; x_wconf 87' lang='lat' dir='ltr'><strong>nun</strong></span> <span class='ocrx_word' id='word_1_48' title='bbox 717 563 842 627; x_wconf 75' lang='lat' dir='ltr'><strong>infligens,</strong></span> <span class='ocrx_word' id='word_1_49' title='bbox 855 568 947 628; x_wconf 78' lang='lat' dir='ltr'><strong>prepter</strong></span> 
     </span>
     <span class='ocr_line' id='line_1_7' title="bbox 149 633 949 702; baseline -0.004 -14"><span class='ocrx_word' id='word_1_50' title='bbox 149 637 273 688; x_wconf 84' lang='lat' dir='ltr'><strong>maximnm</strong></span> <span class='ocrx_word' id='word_1_51' title='bbox 285 635 457 688; x_wconf 66' lang='lat' dir='ltr'><strong>incitamentum</strong></span> <span class='ocrx_word' id='word_1_52' title='bbox 470 638 528 702; x_wconf 85' lang='lat' dir='ltr'><strong>qncu</strong></span> <span class='ocrx_word' id='word_1_53' title='bbox 545 637 614 688; x_wconf 85' lang='lat' dir='ltr'><strong>habet</strong></span> <span class='ocrx_word' id='word_1_54' title='bbox 626 635 662 688; x_wconf 87' lang='lat' dir='ltr'><strong>vir</strong></span> <span class='ocrx_word' id='word_1_55' title='bbox 675 635 700 688; x_wconf 89' lang='lat' dir='ltr'><strong>in</strong></span> <span class='ocrx_word' id='word_1_56' title='bbox 713 635 754 686; x_wconf 86' lang='lat' dir='ltr'><strong>tali</strong></span> <span class='ocrx_word' id='word_1_57' title='bbox 771 636 833 686; x_wconf 86' lang='lat' dir='ltr'><strong>lactc</strong></span> <span class='ocrx_word' id='word_1_58' title='bbox 846 635 876 686; x_wconf 81' lang='lat' dir='ltr'><strong>au</strong></span> <span class='ocrx_word' id='word_1_59' title='bbox 890 633 949 685; x_wconf 87' lang='lat' dir='ltr'><strong>ccci-</strong></span> 
     </span>
     <span class='ocr_line' id='line_1_8' title="bbox 149 706 947 772; baseline -0.003 -14"><span class='ocrx_word' id='word_1_60' title='bbox 149 707 237 772; x_wconf 83' lang='lat' dir='ltr'><strong>sionem</strong></span> <span class='ocrx_word' id='word_1_61' title='bbox 258 707 344 760; x_wconf 85' lang='lat' dir='ltr'><strong>uxoria.</strong></span> <span class='ocrx_word' id='word_1_62' title='bbox 363 708 408 760; x_wconf 87' lang='lat' dir='ltr'><strong>Sed</strong></span> <span class='ocrx_word' id='word_1_63' title='bbox 424 707 527 759; x_wconf 73' lang='lat' dir='ltr'><strong>Ecclesia</strong></span> <span class='ocrx_word' id='word_1_64' title='bbox 539 709 563 759; x_wconf 93' lang='lat' dir='ltr'><strong>in</strong></span> <span class='ocrx_word' id='word_1_65' title='bbox 576 709 620 764; x_wconf 86' lang='lat' dir='ltr'><strong>huc</strong></span> <span class='ocrx_word' id='word_1_66' title='bbox 633 721 680 760; x_wconf 91' lang='lat' dir='ltr'><strong>nun</strong></span> <span class='ocrx_word' id='word_1_67' title='bbox 697 710 732 758; x_wconf 90' lang='lat' dir='ltr'><strong>est</strong></span> <span class='ocrx_word' id='word_1_68' title='bbox 745 707 839 758; x_wconf 86' lang='lat' dir='ltr'><strong>astricta</strong></span> <span class='ocrx_word' id='word_1_69' title='bbox 860 706 947 771; x_wconf 76' lang='lat' dir='ltr'><strong>legibus</strong></span> 
     </span>
     <span class='ocr_line' id='line_1_9' title="bbox 124 778 947 844; baseline -0.006 -11"><span class='ocrx_word' id='word_1_70' title='bbox 124 826 127 833; x_wconf 93' lang='grc'><em>,</em></span> <span class='ocrx_word' id='word_1_71' title='bbox 149 779 262 843; x_wconf 85' lang='lat' dir='ltr'><strong>humanis,</strong></span> <span class='ocrx_word' id='word_1_72' title='bbox 273 779 394 844; x_wconf 81' lang='lat' dir='ltr'><strong>utjudieet</strong></span> <span class='ocrx_word' id='word_1_73' title='bbox 403 791 457 830; x_wconf 86' lang='lat' dir='ltr'><strong>anun</strong></span> <span class='ocrx_word' id='word_1_74' title='bbox 471 780 522 831; x_wconf 85' lang='lat' dir='ltr'><strong>sinc</strong></span> <span class='ocrx_word' id='word_1_75' title='bbox 538 782 602 832; x_wconf 82' lang='lat' dir='ltr'><strong>reatu</strong></span> <span class='ocrx_word' id='word_1_76' title='bbox 612 792 688 844; x_wconf 85' lang='lat' dir='ltr'><strong>poenau</strong></span> <span class='ocrx_word' id='word_1_77' title='bbox 701 782 808 839; x_wconf 67' lang='lat' dir='ltr'><strong>eceman,</strong></span> <span class='ocrx_word' id='word_1_78' title='bbox 823 778 862 830; x_wconf 83' lang='lat' dir='ltr'><strong>uel</strong></span> <span class='ocrx_word' id='word_1_79' title='bbox 875 790 947 842; x_wconf 82' lang='lat' dir='ltr'><strong>poeuae</strong></span> 
     </span>
     <span class='ocr_line' id='line_1_10' title="bbox 149 849 949 915; baseline -0.005 -13"><span class='ocrx_word' id='word_1_80' title='bbox 149 851 304 902; x_wconf 81' lang='lat' dir='ltr'><strong>ecclesiastice</strong></span> <span class='ocrx_word' id='word_1_81' title='bbox 324 850 413 914; x_wconf 82' lang='lat' dir='ltr'><strong>judicio</strong></span> <span class='ocrx_word' id='word_1_82' title='bbox 430 850 573 915; x_wconf 76' lang='lat' dir='ltr'><strong>infligente,</strong></span> <span class='ocrx_word' id='word_1_83' title='bbox 587 863 616 902; x_wconf 79' lang='lat' dir='ltr'><strong>ex</strong></span> <span class='ocrx_word' id='word_1_84' title='bbox 631 852 676 902; x_wconf 83' lang='lat' dir='ltr'><strong>huc</strong></span> <span class='ocrx_word' id='word_1_85' title='bbox 691 849 752 915; x_wconf 78' lang='lat' dir='ltr'><strong>qnia</strong></span> <span class='ocrx_word' id='word_1_86' title='bbox 771 853 808 902; x_wconf 83' lang='lat' dir='ltr'><strong>est</strong></span> <span class='ocrx_word' id='word_1_87' title='bbox 821 849 872 900; x_wconf 84' lang='lat' dir='ltr'><strong>aine</strong></span> <span class='ocrx_word' id='word_1_88' title='bbox 884 855 949 900; x_wconf 85' lang='lat' dir='ltr'><strong>reatu</strong></span> 
     </span>
     <span class='ocr_line' id='line_1_11' title="bbox 149 919 948 987; baseline -0.008 -13"><span class='ocrx_word' id='word_1_89' title='bbox 149 935 225 986; x_wconf 79' lang='lat' dir='ltr'><strong>puna</strong></span> <span class='ocrx_word' id='word_1_90' title='bbox 241 922 373 987; x_wconf 79' lang='lat' dir='ltr'><strong>inlligcude</strong></span> <span class='ocrx_word' id='word_1_91' title='bbox 394 935 435 986; x_wconf 86' lang='lat' dir='ltr'><strong>per</strong></span> <span class='ocrx_word' id='word_1_92' title='bbox 455 922 566 986; x_wconf 85' lang='lat' dir='ltr'><strong>judicium</strong></span> <span class='ocrx_word' id='word_1_93' title='bbox 588 921 704 974; x_wconf 75' lang='lat' dir='ltr'><strong>seculare.</strong></span> <span class='ocrx_word' id='word_1_94' title='bbox 719 921 750 971; x_wconf 80' lang='lat' dir='ltr'><strong>lii</strong></span> <span class='ocrx_word' id='word_1_95' title='bbox 769 921 820 973; x_wconf 84' lang='lat' dir='ltr'><strong>ileo</strong></span> <span class='ocrx_word' id='word_1_96' title='bbox 841 920 867 972; x_wconf 91' lang='lat' dir='ltr'><strong>iu</strong></span> <span class='ocrx_word' id='word_1_97' title='bbox 887 919 948 970; x_wconf 90' lang='lat' dir='ltr'><strong>nullu</strong></span> 
     </span>
     <span class='ocr_line' id='line_1_12' title="bbox 150 992 888 1058; baseline 0.003 -14"><span class='ocrx_word' id='word_1_98' title='bbox 150 1007 204 1046; x_wconf 82' lang='lat' dir='ltr'><strong>caan</strong></span> <span class='ocrx_word' id='word_1_99' title='bbox 224 994 280 1046; x_wconf 85' lang='lat' dir='ltr'><strong>licet</strong></span> <span class='ocrx_word' id='word_1_100' title='bbox 293 995 344 1046; x_wconf 85' lang='lat' dir='ltr'><strong>viru</strong></span> <span class='ocrx_word' id='word_1_101' title='bbox 355 993 460 1046; x_wconf 82' lang='lat' dir='ltr'><strong>occidere</strong></span> <span class='ocrx_word' id='word_1_102' title='bbox 472 1007 566 1048; x_wconf 85' lang='lat' dir='ltr'><strong>uxerem</strong></span> <span class='ocrx_word' id='word_1_103' title='bbox 575 994 668 1058; x_wconf 83' lang='lat' dir='ltr'><strong>propria</strong></span> <span class='ocrx_word' id='word_1_104' title='bbox 687 992 832 1046; x_wconf 82' lang='lat' dir='ltr'><strong>anctoritate.</strong></span> <span class='ocrx_word' id='word_1_105' title='bbox 880 1009 888 1024; x_wconf 80' lang='grc'><em>·</em></span> 
     </span>
    </p>

    <p class='ocr_par' dir='ltr' id='par_1_3' title="bbox 149 1062 1003 1417">
     <span class='ocr_line' id='line_1_13' title="bbox 181 1062 949 1130; baseline -0.004 -14"><span class='ocrx_word' id='word_1_106' title='bbox 181 1066 331 1130; x_wconf 70' lang='lat' dir='ltr'><strong>lupicinum</strong></span> <span class='ocrx_word' id='word_1_107' title='bbox 347 1077 402 1129; x_wconf 72' lang='lat' dir='ltr'><strong>enge</strong></span> <span class='ocrx_word' id='word_1_108' title='bbox 426 1065 561 1128; x_wconf 83' lang='lat' dir='ltr'><strong>dicendum,</strong></span> <span class='ocrx_word' id='word_1_109' title='bbox 578 1063 638 1128; x_wconf 79' lang='lat' dir='ltr'><strong>putu</strong></span> <span class='ocrx_word' id='word_1_110' title='bbox 654 1077 747 1129; x_wconf 79' lang='lat' dir='ltr'><strong>penam</strong></span> <span class='ocrx_word' id='word_1_111' title='bbox 760 1063 823 1116; x_wconf 86' lang='lat' dir='ltr'><strong>iilam</strong></span> <span class='ocrx_word' id='word_1_112' title='bbox 844 1062 949 1126; x_wconf 74' lang='lat' dir='ltr'><strong>infligan-</strong></span> 
     </span>
     <span class='ocr_line' id='line_1_14' title="bbox 150 1133 1003 1202; baseline 0 -14"><span class='ocrx_word' id='word_1_113' title='bbox 150 1137 201 1188; x_wconf 88' lang='lat' dir='ltr'><strong>‹lam</strong></span> <span class='ocrx_word' id='word_1_114' title='bbox 216 1150 263 1189; x_wconf 90' lang='lat' dir='ltr'><strong>nun</strong></span> <span class='ocrx_word' id='word_1_115' title='bbox 281 1137 393 1188; x_wconf 79' lang='lat' dir='ltr'><strong>cummisit</strong></span> <span class='ocrx_word' id='word_1_116' title='bbox 406 1137 444 1190; x_wconf 85' lang='lat' dir='ltr'><strong>lex</strong></span> <span class='ocrx_word' id='word_1_117' title='bbox 457 1136 563 1202; x_wconf 85' lang='lat' dir='ltr'><strong>personis</strong></span> <span class='ocrx_word' id='word_1_118' title='bbox 576 1134 672 1200; x_wconf 85' lang='lat' dir='ltr'><strong>privatis</strong></span> <span class='ocrx_word' id='word_1_119' title='bbox 683 1170 691 1198; x_wconf 89' lang='lat'>,</span> <span class='ocrx_word' id='word_1_120' title='bbox 704 1135 745 1186; x_wconf 84' lang='lat' dir='ltr'><strong>scu</strong></span> <span class='ocrx_word' id='word_1_121' title='bbox 755 1135 860 1198; x_wconf 85' lang='lat' dir='ltr'><strong>persenis</strong></span> <span class='ocrx_word' id='word_1_122' title='bbox 874 1133 949 1200; x_wconf 84' lang='lat' dir='ltr'><strong>pnill-</strong></span> <span class='ocrx_word' id='word_1_123' title='bbox 1000 1181 1003 1188; x_wconf 79' lang='grc'>,</span> 
     </span>
     <span class='ocr_line' id='line_1_15' title="bbox 149 1206 950 1273; baseline -0.005 -15"><span class='ocrx_word' id='word_1_124' title='bbox 149 1209 200 1271; x_wconf 78' lang='lat' dir='ltr'><strong>cie,</strong></span> <span class='ocrx_word' id='word_1_125' title='bbox 218 1223 270 1273; x_wconf 78' lang='lat' dir='ltr'><strong>quae</strong></span> <span class='ocrx_word' id='word_1_126' title='bbox 281 1209 368 1260; x_wconf 82' lang='lat' dir='ltr'><strong>nabent</strong></span> <span class='ocrx_word' id='word_1_127' title='bbox 379 1208 481 1260; x_wconf 81' lang='lat' dir='ltr'><strong>olllcimu</strong></span> <span class='ocrx_word' id='word_1_128' title='bbox 498 1210 526 1260; x_wconf 87' lang='lat' dir='ltr'><strong>ad</strong></span> <span class='ocrx_word' id='word_1_129' title='bbox 544 1210 590 1260; x_wconf 81' lang='lat' dir='ltr'><strong>lnce</strong></span> <span class='ocrx_word' id='word_1_130' title='bbox 601 1208 745 1272; x_wconf 86' lang='lat' dir='ltr'><strong>deputatum.</strong></span> <span class='ocrx_word' id='word_1_131' title='bbox 758 1206 888 1258; x_wconf 76' lang='lat' dir='ltr'><strong>virentem</strong></span> <span class='ocrx_word' id='word_1_132' title='bbox 902 1217 950 1256; x_wconf 86' lang='lat' dir='ltr'><strong>nun</strong></span> 
     </span>
     <span class='ocr_line' id='line_1_16' title="bbox 150 1278 950 1346; baseline -0.005 -14"><span class='ocrx_word' id='word_1_133' title='bbox 150 1285 186 1334; x_wconf 87' lang='lat' dir='ltr'><strong>est</strong></span> <span class='ocrx_word' id='word_1_134' title='bbox 195 1281 268 1346; x_wconf 78' lang='lat' dir='ltr'><strong>iudex</strong></span> <span class='ocrx_word' id='word_1_135' title='bbox 279 1281 367 1332; x_wconf 80' lang='lat' dir='ltr'><strong>uxoris.</strong></span> <span class='ocrx_word' id='word_1_136' title='bbox 381 1282 410 1332; x_wconf 87' lang='lat' dir='ltr'><strong>Et</strong></span> <span class='ocrx_word' id='word_1_137' title='bbox 422 1281 474 1334; x_wconf 76' lang='lat' dir='ltr'><strong>ilice</strong></span> <span class='ocrx_word' id='word_1_138' title='bbox 485 1294 533 1332; x_wconf 84' lang='lat' dir='ltr'><strong>nce</strong></span> <span class='ocrx_word' id='word_1_139' title='bbox 547 1283 624 1346; x_wconf 84' lang='lat' dir='ltr'><strong>petest</strong></span> <span class='ocrx_word' id='word_1_140' title='bbox 633 1293 685 1332; x_wconf 87' lang='lat' dir='ltr'><strong>eam</strong></span> <span class='ocrx_word' id='word_1_141' title='bbox 696 1278 841 1344; x_wconf 85' lang='lat' dir='ltr'><strong>interlicere,</strong></span> <span class='ocrx_word' id='word_1_142' title='bbox 854 1278 895 1330; x_wconf 77' lang='lat' dir='ltr'><strong>secl</strong></span> <span class='ocrx_word' id='word_1_143' title='bbox 912 1288 950 1328; x_wconf 74' lang='lat' dir='ltr'><strong>ce</strong></span> 
     </span>
     <span class='ocr_line' id='line_1_17' title="bbox 150 1352 419 1417; baseline 0 -14"><span class='ocrx_word' id='word_1_144' title='bbox 150 1365 199 1403; x_wconf 89' lang='lat' dir='ltr'><strong>rann</strong></span> <span class='ocrx_word' id='word_1_145' title='bbox 209 1352 289 1417; x_wconf 87' lang='lat' dir='ltr'><strong>judica</strong></span> <span class='ocrx_word' id='word_1_146' title='bbox 303 1364 419 1403; x_wconf 88' lang='lat' dir='ltr'><strong>accusare.</strong></span> 
     </span>
    </p>

    <p class='ocr_par' dir='ltr' id='par_1_4' title="bbox 151 1419 951 1834">
     <span class='ocr_line' id='line_1_18' title="bbox 182 1419 951 1490; baseline -0.008 -16"><span class='ocrx_word' id='word_1_147' title='bbox 182 1425 216 1474; x_wconf 80' lang='lat' dir='ltr'><strong>llll</strong></span> <span class='ocrx_word' id='word_1_148' title='bbox 240 1423 364 1474; x_wconf 70' lang='lat' dir='ltr'><strong>secundnm</strong></span> <span class='ocrx_word' id='word_1_149' title='bbox 384 1423 521 1484; x_wconf 73' lang='lat' dir='ltr'><strong>ulmetum,</strong></span> <span class='ocrx_word' id='word_1_150' title='bbox 537 1423 598 1490; x_wconf 78' lang='lat' dir='ltr'><strong>quid</strong></span> <span class='ocrx_word' id='word_1_151' title='bbox 613 1424 652 1475; x_wconf 86' lang='lat' dir='ltr'><strong>lex</strong></span> <span class='ocrx_word' id='word_1_152' title='bbox 671 1421 746 1474; x_wconf 79' lang='lat' dir='ltr'><strong>ciuilis</strong></span> <span class='ocrx_word' id='word_1_153' title='bbox 767 1434 815 1473; x_wconf 86' lang='lat' dir='ltr'><strong>uon</strong></span> <span class='ocrx_word' id='word_1_154' title='bbox 838 1419 951 1474; x_wconf 80' lang='lat' dir='ltr'><strong>commisit</strong></span> 
     </span>
     <span class='ocr_line' id='line_1_19' title="bbox 151 1493 951 1562; baseline -0.003 -19"><span class='ocrx_word' id='word_1_155' title='bbox 151 1494 352 1548; x_wconf 74' lang='lat' dir='ltr'><strong>circuncisionem</strong></span> <span class='ocrx_word' id='word_1_156' title='bbox 364 1495 443 1548; x_wconf 81' lang='lat' dir='ltr'><strong>uxoris</strong></span> <span class='ocrx_word' id='word_1_157' title='bbox 453 1510 511 1561; x_wconf 83' lang='lat' dir='ltr'><strong>quaa</strong></span> <span class='ocrx_word' id='word_1_158' title='bbox 525 1495 678 1562; x_wconf 66' lang='lat' dir='ltr'><strong>praecipiens,</strong></span> <span class='ocrx_word' id='word_1_159' title='bbox 694 1494 748 1560; x_wconf 85' lang='lat' dir='ltr'><strong>qnia</strong></span> <span class='ocrx_word' id='word_1_160' title='bbox 759 1493 794 1545; x_wconf 86' lang='lat' dir='ltr'><strong>sie</strong></span> <span class='ocrx_word' id='word_1_161' title='bbox 807 1507 855 1544; x_wconf 88' lang='lat' dir='ltr'><strong>non</strong></span> <span class='ocrx_word' id='word_1_162' title='bbox 872 1503 951 1558; x_wconf 85' lang='lat' dir='ltr'><strong>pecca-</strong></span> 
     </span>
     <span class='ocr_line' id='line_1_20' title="bbox 151 1564 951 1632; baseline -0.009 -14"><span class='ocrx_word' id='word_1_163' title='bbox 151 1571 202 1630; x_wconf 83' lang='lat' dir='ltr'><strong>ret,</strong></span> <span class='ocrx_word' id='word_1_164' title='bbox 218 1567 277 1618; x_wconf 89' lang='lat' dir='ltr'><strong>aicut</strong></span> <span class='ocrx_word' id='word_1_165' title='bbox 288 1579 334 1618; x_wconf 90' lang='lat' dir='ltr'><strong>nun</strong></span> <span class='ocrx_word' id='word_1_166' title='bbox 350 1570 430 1632; x_wconf 87' lang='lat' dir='ltr'><strong>peccat</strong></span> <span class='ocrx_word' id='word_1_167' title='bbox 443 1567 545 1618; x_wconf 77' lang='lat' dir='ltr'><strong>minianen</strong></span> <span class='ocrx_word' id='word_1_168' title='bbox 553 1566 648 1631; x_wconf 77' lang='lat' dir='ltr'><strong>iudicis,</strong></span> <span class='ocrx_word' id='word_1_169' title='bbox 658 1566 767 1618; x_wconf 81' lang='lat' dir='ltr'><strong>latronem</strong></span> <span class='ocrx_word' id='word_1_170' title='bbox 777 1564 888 1617; x_wconf 86' lang='lat' dir='ltr'><strong>occidens</strong></span> <span class='ocrx_word' id='word_1_171' title='bbox 897 1575 951 1613; x_wconf 90' lang='lat' dir='ltr'><strong>cuu-</strong></span> 
     </span>
     <span class='ocr_line' id='line_1_21' title="bbox 152 1635 948 1704; baseline -0.01 -14"><span class='ocrx_word' id='word_1_172' title='bbox 152 1639 281 1690; x_wconf 84' lang='lat' dir='ltr'><strong>demnalruu</strong></span> <span class='ocrx_word' id='word_1_173' title='bbox 294 1640 324 1690; x_wconf 90' lang='lat' dir='ltr'><strong>ad</strong></span> <span class='ocrx_word' id='word_1_174' title='bbox 339 1641 454 1703; x_wconf 49' lang='lat' dir='ltr'><strong>murtena</strong></span> <span class='ocrx_word' id='word_1_175' title='bbox 473 1640 513 1691; x_wconf 88' lang='lat' dir='ltr'><strong>aed</strong></span> <span class='ocrx_word' id='word_1_176' title='bbox 526 1638 642 1704; x_wconf 80' lang='lat' dir='ltr'><strong>permisit,</strong></span> <span class='ocrx_word' id='word_1_177' title='bbox 658 1651 751 1703; x_wconf 86' lang='lat' dir='ltr'><strong>poenann</strong></span> <span class='ocrx_word' id='word_1_178' title='bbox 764 1650 812 1688; x_wconf 88' lang='lat' dir='ltr'><strong>nun</strong></span> <span class='ocrx_word' id='word_1_179' title='bbox 831 1635 948 1687; x_wconf 84' lang='lat' dir='ltr'><strong>adhibens.</strong></span> 
     </span>
     <span class='ocr_line' id='line_1_22' title="bbox 152 1708 951 1776; baseline -0.005 -17"><span class='ocrx_word' id='word_1_180' title='bbox 152 1710 216 1761; x_wconf 88' lang='lat' dir='ltr'><strong>Unde</strong></span> <span class='ocrx_word' id='word_1_181' title='bbox 226 1709 293 1760; x_wconf 87' lang='lat' dir='ltr'><strong>elnam</strong></span> <span class='ocrx_word' id='word_1_182' title='bbox 303 1709 448 1763; x_wconf 82' lang='lat' dir='ltr'><strong>dnlucnltutes</strong></span> <span class='ocrx_word' id='word_1_183' title='bbox 457 1712 565 1776; x_wconf 85' lang='lat' dir='ltr'><strong>quasdam</strong></span> <span class='ocrx_word' id='word_1_184' title='bbox 574 1711 682 1776; x_wconf 76' lang='lat' dir='ltr'><strong>apposnit</strong></span> <span class='ocrx_word' id='word_1_185' title='bbox 692 1708 775 1776; x_wconf 81' lang='lat' dir='ltr'><strong>qurum</strong></span> <span class='ocrx_word' id='word_1_186' title='bbox 784 1709 951 1760; x_wconf 76' lang='lat' dir='ltr'><strong>retraherentur</strong></span> 
     </span>
     <span class='ocr_line' id='line_1_23' title="bbox 152 1780 384 1834; baseline 0.014 -4"><span class='ocrx_word' id='word_1_187' title='bbox 152 1781 195 1831; x_wconf 84' lang='lat' dir='ltr'><strong>viru</strong></span> <span class='ocrx_word' id='word_1_188' title='bbox 188 1781 236 1832; x_wconf 87' lang='lat' dir='ltr'><strong>&#39;ai</strong></span> <span class='ocrx_word' id='word_1_189' title='bbox 247 1780 384 1834; x_wconf 80' lang='lat' dir='ltr'><strong>monteilio.</strong></span> 
     </span>
    </p>

    <p class='ocr_par' dir='ltr' id='par_1_5' title="bbox 152 1848 1002 2062">
     <span class='ocr_line' id='line_1_24' title="bbox 183 1848 953 1920; baseline -0.005 -18"><span class='ocrx_word' id='word_1_190' title='bbox 183 1853 218 1903; x_wconf 80' lang='lat' dir='ltr'><strong>ld</strong></span> <span class='ocrx_word' id='word_1_191' title='bbox 230 1853 322 1902; x_wconf 86' lang='lat' dir='ltr'><strong>tertium</strong></span> <span class='ocrx_word' id='word_1_192' title='bbox 335 1853 456 1905; x_wconf 83' lang='lat' dir='ltr'><strong>dicendum</strong></span> <span class='ocrx_word' id='word_1_193' title='bbox 467 1854 546 1920; x_wconf 79' lang='lat' dir='ltr'><strong>,quid</strong></span> <span class='ocrx_word' id='word_1_194' title='bbox 564 1868 593 1906; x_wconf 82' lang='lat' dir='ltr'><strong>ex</strong></span> <span class='ocrx_word' id='word_1_195' title='bbox 606 1855 650 1906; x_wconf 87' lang='lat' dir='ltr'><strong>lrcc</strong></span> <span class='ocrx_word' id='word_1_196' title='bbox 668 1867 714 1907; x_wconf 87' lang='lat' dir='ltr'><strong>nun</strong></span> <span class='ocrx_word' id='word_1_197' title='bbox 731 1851 839 1918; x_wconf 82' lang='lat' dir='ltr'><strong>probatur</strong></span> <span class='ocrx_word' id='word_1_198' title='bbox 852 1849 911 1916; x_wconf 81' lang='lat' dir='ltr'><strong>qnirl</strong></span> <span class='ocrx_word' id='word_1_199' title='bbox 923 1848 953 1899; x_wconf 80' lang='lat' dir='ltr'><strong>eit</strong></span> 
     </span>
     <span class='ocr_line' id='line_1_25' title="bbox 152 1922 1002 2004; baseline 0.002 -32"><span class='ocrx_word' id='word_1_200' title='bbox 152 1923 240 1974; x_wconf 87' lang='lat' dir='ltr'><strong>licitum</strong></span> <span class='ocrx_word' id='word_1_201' title='bbox 252 1923 398 2004; x_wconf 84' lang='lat' dir='ltr'><strong>simpliciter,</strong></span> <span class='ocrx_word' id='word_1_202' title='bbox 412 1927 453 1976; x_wconf 84' lang='lat' dir='ltr'><strong>secl</strong></span> <span class='ocrx_word' id='word_1_203' title='bbox 466 1925 576 1990; x_wconf 82' lang='lat' dir='ltr'><strong>quantun</strong></span> <span class='ocrx_word' id='word_1_204' title='bbox 597 1926 626 1976; x_wconf 88' lang='lat' dir='ltr'><strong>ad</strong></span> <span class='ocrx_word' id='word_1_205' title='bbox 647 1926 813 1976; x_wconf 87' lang='lat' dir='ltr'><strong>immunitatem</strong></span> <span class='ocrx_word' id='word_1_206' title='bbox 833 1924 862 1976; x_wconf 86' lang='lat' dir='ltr'><strong>ab</strong></span> <span class='ocrx_word' id='word_1_207' title='bbox 878 1922 952 1985; x_wconf 77' lang='lat' dir='ltr'><strong>aliqua</strong></span> <span class='ocrx_word' id='word_1_208' title='bbox 1001 1927 1002 1938; x_wconf 63' lang='lat'>¹</span> 
     </span>
     <span class='ocr_line' id='line_1_26' title="bbox 153 1994 869 2062; baseline 0 -16"><span class='ocrx_word' id='word_1_209' title='bbox 153 2007 237 2060; x_wconf 82' lang='lat' dir='ltr'><strong>pecua,</strong></span> <span class='ocrx_word' id='word_1_210' title='bbox 251 1994 305 2058; x_wconf 84' lang='lat' dir='ltr'><strong>quia</strong></span> <span class='ocrx_word' id='word_1_211' title='bbox 321 1995 390 2046; x_wconf 82' lang='lat' dir='ltr'><strong>atiena</strong></span> <span class='ocrx_word' id='word_1_212' title='bbox 403 1995 609 2048; x_wconf 80' lang='lat' dir='ltr'><strong>excommunicatio</strong></span> <span class='ocrx_word' id='word_1_213' title='bbox 620 1998 724 2062; x_wconf 79' lang='lat' dir='ltr'><strong>quedam</strong></span> <span class='ocrx_word' id='word_1_214' title='bbox 737 2007 805 2061; x_wconf 83' lang='lat' dir='ltr'><strong>prena</strong></span> <span class='ocrx_word' id='word_1_215' title='bbox 823 1999 869 2047; x_wconf 87' lang='lat' dir='ltr'><strong>est.</strong></span> 
     </span>
    </p>

    <p class='ocr_par' dir='ltr' id='par_1_6' title="bbox 154 2061 1001 2784">
     <span class='ocr_line' id='line_1_27' title="bbox 184 2061 952 2149; baseline 0 -29"><span class='ocrx_word' id='word_1_216' title='bbox 184 2068 338 2149; x_wconf 75' lang='lat' dir='ltr'><strong>liquantum</strong></span> <span class='ocrx_word' id='word_1_217' title='bbox 352 2061 473 2124; x_wconf 65' lang='lat' dir='ltr'><strong>dicendum</strong></span> <span class='ocrx_word' id='word_1_218' title='bbox 481 2069 558 2134; x_wconf 84' lang='lat' dir='ltr'><strong>qnuu</strong></span> <span class='ocrx_word' id='word_1_219' title='bbox 571 2071 656 2135; x_wconf 81' lang='lat' dir='ltr'><strong>duplex</strong></span> <span class='ocrx_word' id='word_1_220' title='bbox 666 2073 701 2121; x_wconf 86' lang='lat' dir='ltr'><strong>eat</strong></span> <span class='ocrx_word' id='word_1_221' title='bbox 715 2069 881 2134; x_wconf 75' lang='lat' dir='ltr'><strong>congregatio:</strong></span> <span class='ocrx_word' id='word_1_222' title='bbox 891 2077 952 2130; x_wconf 73' lang='lat' dir='ltr'><strong>quat·</strong></span> 
     </span>
     <span class='ocr_line' id='line_1_28' title="bbox 154 2137 951 2226; baseline -0.006 -35"><span class='ocrx_word' id='word_1_223' title='bbox 154 2140 206 2192; x_wconf 80' lang='lat' dir='ltr'><strong>ulam</strong></span> <span class='ocrx_word' id='word_1_224' title='bbox 226 2139 381 2203; x_wconf 78' lang='lat' dir='ltr'><strong>oeconomica,</strong></span> <span class='ocrx_word' id='word_1_225' title='bbox 397 2141 456 2192; x_wconf 81' lang='lat' dir='ltr'><strong>sicut</strong></span> <span class='ocrx_word' id='word_1_226' title='bbox 472 2139 558 2192; x_wconf 87' lang='lat' dir='ltr'><strong>lanilia</strong></span> <span class='ocrx_word' id='word_1_227' title='bbox 580 2142 672 2226; x_wconf 78' lang='lat' dir='ltr'><strong>aliqna3</strong></span> <span class='ocrx_word' id='word_1_228' title='bbox 689 2145 712 2193; x_wconf 89' lang='lat' dir='ltr'><strong>at</strong></span> <span class='ocrx_word' id='word_1_229' title='bbox 730 2140 836 2206; x_wconf 78' lang='lat' dir='ltr'><strong>quedam</strong></span> <span class='ocrx_word' id='word_1_230' title='bbox 847 2137 951 2205; x_wconf 86' lang='lat' dir='ltr'><strong>politica,</strong></span> 
     </span>
     <span class='ocr_line' id='line_1_29' title="bbox 155 2211 952 2280; baseline -0.01 -14"><span class='ocrx_word' id='word_1_231' title='bbox 155 2215 214 2267; x_wconf 88' lang='lat' dir='ltr'><strong>aicnt</strong></span> <span class='ocrx_word' id='word_1_232' title='bbox 227 2211 309 2263; x_wconf 80' lang='lat' dir='ltr'><strong>ciuitas</strong></span> <span class='ocrx_word' id='word_1_233' title='bbox 319 2216 343 2264; x_wconf 90' lang='lat' dir='ltr'><strong>et</strong></span> <span class='ocrx_word' id='word_1_234' title='bbox 355 2225 461 2276; x_wconf 82' lang='lat' dir='ltr'><strong>reguum.</strong></span> <span class='ocrx_word' id='word_1_235' title='bbox 472 2213 527 2264; x_wconf 85' lang='lat' dir='ltr'><strong>llle&#39;</strong></span> <span class='ocrx_word' id='word_1_236' title='bbox 521 2214 590 2278; x_wconf 81' lang='lat' dir='ltr'><strong>egitur</strong></span> <span class='ocrx_word' id='word_1_237' title='bbox 599 2215 639 2278; x_wconf 83' lang='lat' dir='ltr'><strong>qui</strong></span> <span class='ocrx_word' id='word_1_238' title='bbox 649 2217 733 2280; x_wconf 79' lang='lat' dir='ltr'><strong>preest</strong></span> <span class='ocrx_word' id='word_1_239' title='bbox 745 2213 851 2264; x_wconf 81' lang='lat' dir='ltr'><strong>secundae</strong></span> <span class='ocrx_word' id='word_1_240' title='bbox 860 2220 952 2270; x_wconf 72' lang='lat' dir='ltr'><strong>mucre-</strong></span> 
     </span>
     <span class='ocr_line' id='line_1_30' title="bbox 154 2283 999 2350; baseline -0.007 -14"><span class='ocrx_word' id='word_1_241' title='bbox 154 2283 257 2348; x_wconf 79' lang='lat' dir='ltr'><strong>gaticni,</strong></span> <span class='ocrx_word' id='word_1_242' title='bbox 268 2285 295 2332; x_wconf 87' lang='lat' dir='ltr'><strong>ut</strong></span> <span class='ocrx_word' id='word_1_243' title='bbox 304 2296 359 2345; x_wconf 86' lang='lat' dir='ltr'><strong>rex,</strong></span> <span class='ocrx_word' id='word_1_244' title='bbox 369 2287 447 2348; x_wconf 80' lang='lat' dir='ltr'><strong>potest</strong></span> <span class='ocrx_word' id='word_1_245' title='bbox 459 2283 562 2348; x_wconf 71' lang='lat' dir='ltr'><strong>infligere</strong></span> <span class='ocrx_word' id='word_1_246' title='bbox 575 2298 668 2350; x_wconf 82' lang='lat' dir='ltr'><strong>poeuam</strong></span> <span class='ocrx_word' id='word_1_247' title='bbox 679 2289 703 2336; x_wconf 84' lang='lat' dir='ltr'><strong>et</strong></span> <span class='ocrx_word' id='word_1_248' title='bbox 713 2284 864 2348; x_wconf 77' lang='lat' dir='ltr'><strong>corrigentem</strong></span> <span class='ocrx_word' id='word_1_249' title='bbox 877 2292 952 2346; x_wconf 79' lang='lat' dir='ltr'><strong>perse</strong></span> <span class='ocrx_word' id='word_1_250' title='bbox 994 2293 999 2300; x_wconf 91' lang='lat'><strong>·</strong></span> 
     </span>
     <span class='ocr_line' id='line_1_31' title="bbox 154 2351 1001 2422; baseline -0.009 -14"><span class='ocrx_word' id='word_1_251' title='bbox 154 2371 207 2408; x_wconf 89' lang='lat' dir='ltr'><strong>narn</strong></span> <span class='ocrx_word' id='word_1_252' title='bbox 221 2361 245 2408; x_wconf 90' lang='lat' dir='ltr'><strong>et</strong></span> <span class='ocrx_word' id='word_1_253' title='bbox 256 2357 460 2421; x_wconf 70' lang='lat' dir='ltr'><strong>exterminantem,</strong></span> <span class='ocrx_word' id='word_1_254' title='bbox 475 2358 504 2408; x_wconf 83' lang='lat' dir='ltr'><strong>aul</strong></span> <span class='ocrx_word' id='word_1_255' title='bbox 518 2358 677 2422; x_wconf 66' lang='lat' dir='ltr'><strong>[runcationem</strong></span> <span class='ocrx_word' id='word_1_256' title='bbox 691 2351 952 2418; x_wconf 77' lang='lat' dir='ltr'><strong>communitatis‚cujua</strong></span> <span class='ocrx_word' id='word_1_257' title='bbox 1000 2375 1001 2382; x_wconf 25' lang='grc' dir='ltr'><strong>ο</strong></span> 
     </span>
     <span class='ocr_line' id='line_1_32' title="bbox 155 2426 953 2496; baseline -0.001 -17"><span class='ocrx_word' id='word_1_258' title='bbox 155 2441 232 2480; x_wconf 88' lang='lat' dir='ltr'><strong>cunam</strong></span> <span class='ocrx_word' id='word_1_259' title='bbox 246 2429 313 2492; x_wconf 73' lang='lat' dir='ltr'><strong>gerit.</strong></span> <span class='ocrx_word' id='word_1_260' title='bbox 327 2430 371 2482; x_wconf 82' lang='lat' dir='ltr'><strong>Sed</strong></span> <span class='ocrx_word' id='word_1_261' title='bbox 386 2429 424 2481; x_wconf 88' lang='lat' dir='ltr'><strong>ille</strong></span> <span class='ocrx_word' id='word_1_262' title='bbox 441 2430 480 2493; x_wconf 86' lang='lat' dir='ltr'><strong>qni</strong></span> <span class='ocrx_word' id='word_1_263' title='bbox 492 2433 580 2494; x_wconf 82' lang='lat' dir='ltr'><strong>preest</strong></span> <span class='ocrx_word' id='word_1_264' title='bbox 592 2431 615 2482; x_wconf 91' lang='lat' dir='ltr'><strong>iu</strong></span> <span class='ocrx_word' id='word_1_265' title='bbox 634 2432 708 2496; x_wconf 84' lang='lat' dir='ltr'><strong>prima</strong></span> <span class='ocrx_word' id='word_1_266' title='bbox 721 2427 911 2493; x_wconf 74' lang='lat' dir='ltr'><strong>congregatione,</strong></span> <span class='ocrx_word' id='word_1_267' title='bbox 927 2426 953 2473; x_wconf 78' lang='lat' dir='ltr'><strong>ul</strong></span> 
     </span>
     <span class='ocr_line' id='line_1_33' title="bbox 155 2500 951 2567; baseline 0.005 -18"><span class='ocrx_word' id='word_1_268' title='bbox 155 2500 332 2565; x_wconf 78' lang='lat' dir='ltr'><strong>paterfamilias,</strong></span> <span class='ocrx_word' id='word_1_269' title='bbox 348 2515 395 2554; x_wconf 90' lang='lat' dir='ltr'><strong>uun</strong></span> <span class='ocrx_word' id='word_1_270' title='bbox 407 2503 484 2565; x_wconf 88' lang='lat' dir='ltr'><strong>potest</strong></span> <span class='ocrx_word' id='word_1_271' title='bbox 501 2501 604 2566; x_wconf 77' lang='lat' dir='ltr'><strong>infligere</strong></span> <span class='ocrx_word' id='word_1_272' title='bbox 617 2503 665 2553; x_wconf 87' lang='lat' dir='ltr'><strong>nisi</strong></span> <span class='ocrx_word' id='word_1_273' title='bbox 676 2514 766 2567; x_wconf 78' lang='lat' dir='ltr'><strong>punam</strong></span> <span class='ocrx_word' id='word_1_274' title='bbox 781 2500 951 2564; x_wconf 75' lang='lat' dir='ltr'><strong>corrigentem,</strong></span> 
     </span>
     <span class='ocr_line' id='line_1_34' title="bbox 155 2573 952 2636; baseline -0.006 -13"><span class='ocrx_word' id='word_1_275' title='bbox 155 2586 208 2636; x_wconf 82' lang='lat' dir='ltr'><strong>qua</strong></span> <span class='ocrx_word' id='word_1_276' title='bbox 229 2585 254 2623; x_wconf 87' lang='lat' dir='ltr'><strong>sa</strong></span> <span class='ocrx_word' id='word_1_277' title='bbox 275 2586 321 2625; x_wconf 86' lang='lat' dir='ltr'><strong>nou</strong></span> <span class='ocrx_word' id='word_1_278' title='bbox 343 2574 445 2626; x_wconf 82' lang='lat' dir='ltr'><strong>extendit</strong></span> <span class='ocrx_word' id='word_1_279' title='bbox 466 2573 526 2624; x_wconf 90' lang='lat' dir='ltr'><strong>ultra</strong></span> <span class='ocrx_word' id='word_1_280' title='bbox 547 2575 655 2626; x_wconf 83' lang='lat' dir='ltr'><strong>terminus</strong></span> <span class='ocrx_word' id='word_1_281' title='bbox 679 2573 868 2635; x_wconf 82' lang='lat' dir='ltr'><strong>emendationis,</strong></span> <span class='ocrx_word' id='word_1_282' title='bbox 886 2580 952 2635; x_wconf 81' lang='lat' dir='ltr'><strong>qnam</strong></span> 
     </span>
     <span class='ocr_line' id='line_1_35' title="bbox 154 2638 953 2711; baseline 0.005 -17"><span class='ocrx_word' id='word_1_283' title='bbox 154 2645 293 2696; x_wconf 85' lang='lat' dir='ltr'><strong>transcendit</strong></span> <span class='ocrx_word' id='word_1_284' title='bbox 305 2659 373 2711; x_wconf 85' lang='lat' dir='ltr'><strong>prena</strong></span> <span class='ocrx_word' id='word_1_285' title='bbox 387 2645 474 2697; x_wconf 83' lang='lat' dir='ltr'><strong>mertis.</strong></span> <span class='ocrx_word' id='word_1_286' title='bbox 489 2645 518 2694; x_wconf 84' lang='lat' dir='ltr'><strong>Et</strong></span> <span class='ocrx_word' id='word_1_287' title='bbox 533 2644 584 2696; x_wconf 87' lang='lat' dir='ltr'><strong>iden</strong></span> <span class='ocrx_word' id='word_1_288' title='bbox 598 2645 648 2706; x_wconf 85' lang='lat' dir='ltr'><strong>vir,</strong></span> <span class='ocrx_word' id='word_1_289' title='bbox 667 2645 707 2710; x_wconf 85' lang='lat' dir='ltr'><strong>qni</strong></span> <span class='ocrx_word' id='word_1_290' title='bbox 720 2645 755 2696; x_wconf 86' lang='lat' dir='ltr'><strong>sie</strong></span> <span class='ocrx_word' id='word_1_291' title='bbox 773 2648 857 2710; x_wconf 80' lang='lat' dir='ltr'><strong>preest</strong></span> <span class='ocrx_word' id='word_1_292' title='bbox 869 2638 953 2698; x_wconf 67' lang='lat' dir='ltr'><strong>uxori,</strong></span> 
     </span>
     <span class='ocr_line' id='line_1_36' title="bbox 156 2713 1000 2784; baseline -0.005 -16"><span class='ocrx_word' id='word_1_293' title='bbox 156 2727 204 2768; x_wconf 86' lang='lat' dir='ltr'><strong>neu</strong></span> <span class='ocrx_word' id='word_1_294' title='bbox 217 2719 292 2781; x_wconf 80' lang='lat' dir='ltr'><strong>petest</strong></span> <span class='ocrx_word' id='word_1_295' title='bbox 301 2717 375 2784; x_wconf 81' lang='lat' dir='ltr'><strong>ipsam</strong></span> <span class='ocrx_word' id='word_1_296' title='bbox 392 2718 529 2781; x_wconf 76' lang='lat' dir='ltr'><strong>interlicere,</strong></span> <span class='ocrx_word' id='word_1_297' title='bbox 543 2717 584 2770; x_wconf 76' lang='lat' dir='ltr'><strong>sed</strong></span> <span class='ocrx_word' id='word_1_298' title='bbox 595 2715 651 2770; x_wconf 78' lang='lat' dir='ltr'><strong>aliis</strong></span> <span class='ocrx_word' id='word_1_299' title='bbox 664 2729 770 2770; x_wconf 76' lang='lat' dir='ltr'><strong>accusare</strong></span> <span class='ocrx_word' id='word_1_300' title='bbox 783 2716 820 2768; x_wconf 82' lang='lat' dir='ltr'><strong>uel</strong></span> <span class='ocrx_word' id='word_1_301' title='bbox 834 2713 951 2778; x_wconf 71' lang='lat' dir='ltr'><strong>mulgere·</strong></span> <span class='ocrx_word' id='word_1_302' title='bbox 998 2751 1000 2760; x_wconf 78' lang='grc'><strong>.</strong></span> 
     </span>
    </p>
   </div>
   <div class='ocr_carea' id='block_1_3' title="bbox 0 0 1025 3328">
    <p class='ocr_par' dir='ltr' id='par_1_7' title="bbox 0 0 1025 3328">
     <span class='ocr_line' id='line_1_37' title="bbox 0 0 1025 3328; baseline 0 0"><span class='ocrx_word' id='word_1_303' title='bbox 0 0 1025 3328; x_wconf 95' lang='lat' dir='ltr'><strong> </strong></span> 
     </span>
    </p>
   </div>
  </div>
 </body>
</html>
