1970 3326
165 141 196 178 uu
211 137 364 176 urnruouuo
380 135 496 182 ounnaun
512 137 544 176 ln
560 115 699 176 saansaan.
804 127 843 178 aa?

66 220 91 265 ε.
105 215 222 278 Praene,
232 213 294 266 sicut
307 213 335 264 ad
346 217 486 265 contractum
501 215 642 278 sponsalium
656 214 777 278 requiritur
794 215 841 269 alt:-

27 287 86 350 ‘quis
96 285 188 337 mtionis
199 297 269 349 usus,
280 285 313 336 ita
326 285 355 336 ad
366 285 554 336 consentiendum
564 285 587 335 in
599 291 715 350 peccatum
729 288 835 340 mortale.

34 359 89 421 Sed,
105 357 166 408 sicut
188 356 312 421 Gregorius
333 362 410 410 narrat
432 355 456 406 in
475 357 512 406 lV.
534 357 647 422 Dt'otoq„
664 358 755 424 quidam
780 371 838 422 puer

34 429 133 492 quinque
150 441 278 490 annornm,
289 430 383 492 propter
397 427 547 492 blasphemie
564 431 699 495 peccatum,
720 427 850 482 idiabolo·

35 501 147 550 extinctus
165 503 210 550 est.
226 501 287 562 Ergo
305 499 374 548 etiam
391 502 446 549 ante
460 499 713 564 septenninmpossuat
732 499 839 552 contrahi

35 570 156 633 sponsalia.
828 626 831 640 ι

60 647 83 694 3.
99 645 228 706 praterea,
244 641 360 706 sponsalia
373 641 401 692 ad
415 641 584 692 matrimonium
597 642 738 698 ordinantur.
756 643 800 694 Sed
815 643 840 696 in

36 713 177 766 matrimonio
196 727 245 764 non
263 713 392 776 assignatur
412 726 484 762 unum
500 717 592 776 tempus
611 713 692 780 puellae
714 719 737 766 et
755 727 844 780 puero..

36 787 87 850 irgo
104 799 151 836 nec
166 785 191 835 in
205 784 352 848 sponsalibus
365 784 508 848 septennium
522 785 612 848 utrique
631 785 741 850 assignari
760 787 836 838 debu.

60 862 83 908 t.
100 858 234 916 Praeterea,
254 869 284 906 ex
297 859 353 905 tunc
368 854 438 918 aliqui
452 858 547 918 possunt
565 855 680 919 sponsalia
694 857 846 922 contrahere,

37 943 58 978 eu
76 943 123 994 qno
142 927 180 978 eis
202 929 299 992 possunt
320 927 403 977 lutura
422 927 507 990 nuptiae
528 927 629 990 placere.
642 929 687 978 Sed
702 929 768 992 signa
785 929 839 982 talis

37 1001 153 1063 placentin
168 999 302 1062 frequenter
310 1001 420 1062 apparent
428 998 451 1048 in
460 997 538 1062 pueris
548 1001 602 1049 ante
611 1001 765 1064 septennium.
778 1001 847 1066 Ergo

37 1078 83 1122 aab
93 1072 153 1122 illud
163 1075 256 1134 tempus
270 1073 367 1134 possunt
379 1069 483 1120 contrahi
493 1069 619 1133 sponsalia.

64 1149 86 1192 5.
104 1145 236 1203 Praeterea,
255 1141 277 1191 si
292 1140 363 1206 aliqui
383 1145 436 1191 ante
456 1140 578 1205 septimum
600 1155 686 1196 annum
705 1145 842 1196 contrahant

37 1215 168 1278 sponsalia,
179 1217 202 1264 et
212 1217 293 1277 postea
302 1214 355 1276 post
366 1211 523 1276 septennium,
537 1214 589 1262 ante
603 1216 692 1276 tempus
702 1215 840 1280 pubertatis,

37 1287 168 1336 contrahant
183 1296 225 1348 per
239 1283 309 1334 uerba
325 1283 352 1332 de
369 1283 490 1346 prasenti,
502 1283 636 1347 reputantur
657 1284 718 1336 inter
734 1299 774 1336 eos
790 1299 846 1337 esse·

37 1357 158 1420 sponsalia.
173 1354 219 1406 Sed
239 1356 283 1405 hoc
295 1367 343 1406 non
359 1357 395 1404 est
412 1355 554 1407 exsecando
571 1359 704 1420 contractu,
718 1357 774 1420 quia
788 1362 842 1408 tunc

37 1441 80 1478 uon
96 1429 223 1480 intendunt
234 1426 414 1492 sponsalia,sed
432 1426 599 1476 matrimonium
618 1429 762 1479 contrahere.
782 1427 852 1494 Erga>¹

38 1512 66 1548 ex
77 1499 165 1564 prim03
183 1503 208 1549 et
225 1499 261 1548 sic
275 1500 328 1548 ante
339 1496 485 1561 septennium
498 1501 595 1560 possunt
605 1498 720 1562 sponsalia
730 1500 841 1553 contrahi.

70 1576 90 1619 6.
99 1571 233 1630 Praeterea,
245 1569 269 1618 in
282 1568 380 1632 hisquae
392 1567 566 1618 commmuniter
574 1567 631 1618 finnt
640 1567 772 1633 hplurribus,
782 1571 843 1635 quod

39 1641 98 1691 deest
111 1641 169 1702 uni,
186 1639 309 1704 suppletur
324 1639 352 1688 ab
366 1637 450 1697 altero,
463 1637 521 1687 sicut
537 1642 600 1702 patet
610 1639 633 1688 in
641 1639 782 1689 trahentibus
798 1654 851 1690 nas>

38 1725 94 1762 uem.
104 1712 150 1764 Sed
166 1713 303 1762 contractus
317 1708 458 1774 sponsalium
474 1712 510 1760 est
523 1710 627 1772 quaedam
641 1709 700 1760 actio
717 1711 844 1762 eommunis
884 1735 888 1745 ·

40 1783 93 1834 inter
105 1783 284 1834 contrahentes.
294 1781 354 1843 Ergo
368 1779 388 1830 si
406 1791 464 1830 unus
482 1781 511 1830 sit
525 1780 606 1843 pubis,
620 1783 696 1844 potest
710 1783 845 1850 contrahere

40 1856 150 1917 sponsalia
160 1867 215 1904 cum
226 1851 303 1918 puella
313 1865 365 1914 que
377 1864 422 1901 non
431 1849 500 1900 habet
509 1854 597 1914 septem
614 1863 686 1903 annos
692 1889 700 1916 ,
717 1854 770 1916 quia
782 1855 843 1918 quod

40 1926 74 1974 uni
87 1927 166 1977 delicit
183 1926 212 1975 de
230 1929 348 1987 tempore,
364 1921 428 1972 alteri
446 1923 622 1986 superabundat.

67 2001 89 2047 7.
109 2000 250 2056 Praeterea,
265 1995 285 2044 si
301 1993 371 2057 aliqui
386 1994 453 2057 justa
477 1996 566 2044 aetatem
586 1995 724 2057 pubertatis,
738 1997 846 2058 quamuis

41 2073 88 2119 anm
102 2081 171 2130 eam,
187 2067 327 2117 contrahunt
345 2077 386 2130 per
398 2065 467 2115 uerba
481 2065 509 2115 de
522 2065 641 2130 praesenti,
655 2070 772 2131 reputatur
784 2065 848 2118 inter·

41 2153 76 2190 eos
89 2139 266 2192 matrimonium
286 2150 345 2189 esse.
366 2137 439 2200 Ergo,
453 2137 502 2200 pari
520 2137 623 2198 ratione,
636 2138 656 2188 si
674 2143 727 2188 ante
747 2141 845 2202 septen-

42 2211 115 2270 nium,
131 2211 260 2263 dummodo
272 2207 618 2276 sitpropinquum,rontrahant
633 2209 751 2274 peruerba
767 2211 796 2262 de
809 2209 854 2262 fn·-

42 2287 98 2348 turo,
113 2282 286 2347 reputabuntur
300 2279 362 2330 inter
376 2293 418 2330 eos
428 2293 478 2331 esse
490 2281 614 2344 sponsalia.

72 2357 274 2416 (Concuusro.-
284 2351 371 2403 Potest
381 2353 449 2402 homo
465 2351 489 2402 iu
502 2351 549 2403 tine
566 2353 635 2416 primi
649 2351 763 2416 septennii
778 2363 847 2416 spon·

41 2428 90 2478 salia
100 2429 251 2488 contrahere,
262 2425 320 2488 sicut
333 2425 358 2474 in
369 2418 514 2474 tine'secnndi
527 2423 697 2476 matrimonium
712 2426 851 2476 contrahere·

42 2513 64 2549 ac
77 2499 216 2566 religionem
232 2496 333 2561 ingredi,
352 2500 376 2547 et
389 2495 413 2546 in
427 2497 472 2548 stne
487 2497 549 2547 tertii
563 2495 662 2547 civiliter
675 2509 699 2546 se
715 2495 846 2560 obligare.)

66 2573 204 2638 despondeo
221 2569 363 2632 dicendum,
379 2567 438 2632 qubd
457 2567 602 2631 septennium
615 2569 650 2618 est
664 2570 754 2631 tempus
768 2569 847 2619 deter-

43 2643 143 2694 minatum
157 2643 172 2694 'a
185 2643 241 2707 jure
261 2639 409 2704 sponsalibus
421 2639 580 2691 contrahendis
598 2639 655 2689 satis
674 2637 846 2689 rationabihter.
938 2643 941 2656 ¹

42 2713 176 2778 Quia,ci1m
196 2711 319 2778 sponsalia
337 2711 384 2761 sint
398 2712 500 2776 quedam
521 2709 683 2776 promissiones
699 2705 842 2770 futurorum,

43 2789 63 2833 ut
77 2787 159 2838 dictum
178 2790 216 2838 est
229 2787 293 2848 (art.
310 2783 337 2848 l)
351 2819 358 2846 ,
372 2786 461 2846 oportet
474 2775 536 2848 qubd‘
546 2781 637 2833 illomm
653 2778 699 2832 sint
713 2781 754 2844 qui
770 2779 860 2843 aliquo·-

43 2857 98 2910 uodo
111 2857 254 2925 pmmittere
265 2857 381 2921 possunt3
393 2851 450 2917 quod
460 2865 506 2904 non
516 2857 552 2904 est
562 2852 606 2904 nisi
614 2849 704 2902 illorum
712 2851 751 2916 qut
762 2849 856 2900 habeut*
