1948 3312
206 265 237 305 D!
252 266 347 306 vision!
363 267 453 307 blvlltnl
468 267 602 316 ESSRil't‘iAE,
618 267 671 308 ETG·
783 273 829 322 617

34 337 167 400 abstrahit,
177 353 223 392 nou
233 342 375 406 estejnsdem
385 343 480 395 rennuis
488 343 709 408 numquidditatibur
723 343 834 396 misun-

34 408 123 460 ilerum
144 413 312 475 separaturum
327 417 350 464 el
360 413 405 477 ita,
420 426 460 478 per
473 415 518 466 buu
532 413 592 478 qund
605 413 734 470 intellectus
755 417 834 466 nustn

34 479 155 530 abstrahit
164 480 299 544 qnidditntes
307 495 381 534 rernm
393 483 543 535 materialium
551 520 558 546 ,
566 486 591 536 et
601 484 720 547 cognoscit
730 496 778 546 eas,
786 495 834 536 nun

35 550 147 614 sequitur
164 551 223 615 qudd
237 557 357 616 cognuscat
370 553 517 618 quidditutem
530 557 640 618 mnarum
655 553 798 618 substantia,
810 558 834 606 et

36 619 160 684 praeeipud
168 621 265 672 divinum
274 623 409 688 essentiam,
418 639 469 689 uum
481 624 580 675 maximi
592 627 630 675 est
641 623 833 684 alteriusrntienie

37 691 67 740 nb
78 691 146 742 omni
155 692 278 754 quiddilete
285 700 368 746 ursula.
379 695 494 759 seeundd,
502 696 555 759 quia
566 697 618 746 dum
626 694 685 760 qudd
694 698 756 750 esset
768 695 833 757 ejus·

37 761 93 814 dem
107 763 217 825 rationis,
229 768 305 817 tamen
326 767 418 828 engnill
432 767 556 830 qniddilate
580 767 613 818 rei
631 767 773 831 numuusite,
787 780 832 820 nun

37 837 219 896 mgnuseererur
233 837 347 900 quidditas
358 837 489 892 substantie
507 842 625 902 separate,
644 837 689 889 nisi
709 836 834 890 seeunddur

3 915 4 976 3
36 905 306 970 genusremetlssimum,
315 908 374 972 quud
388 912 424 959 est
437 908 632 960 substantiallaee
644 912 720 960 autum
735 909 834 972 cognitio

3 985 4 1040 j
37 974 75 1024 esi
88 973 238 1039 imperfecta,
251 977 294 1027 nisi
305 978 439 1030 devertatur
451 979 480 1029 ad
495 979 587 1043 propria
602 977 644 1030 rei.
659 978 703 1038 Qui
715 978 777 1030 enlm
789 990 833 1029 eu·

39 1043 135 1104 gnoseit
145 1045 259 1097 homiuem
273 1047 344 1102 sellum
357 1048 500 1111 inquantum
512 1053 548 1100 nst
561 1047 655 1110 animal,
662 1061 707 1099 nen
717 1047 833 1111 segnescit

3 1123 4 1132 ¹
38 1125 94 1164 eum
108 1113 155 1166 nisi
171 1117 291 1168 seeunddm
308 1118 362 1182 quid
374 1121 399 1170 et
411 1118 436 1169 in
446 1118 562 1181 potentin
576 1121 601 1166 el
617 1116 689 1166 multd
708 1117 831 1170 minusue

3 1195 4 1198 ¹
37 1183 132 1246 sensuit
140 1187 233 1247 enm,si
244 1201 289 1240 nnn
297 1192 418 1252 regnnseat
425 1187 469 1238 nisi
478 1188 608 1239 substantie
619 1189 725 1238 naturam
736 1187 759 1237 in
770 1189 831 1252 ipre.

3 1319 4 1322 Ἴ
39 1253 121 1316 Unde,
134 1255 168 1306 sic
179 1269 316 1321 cognoscere
331 1260 400 1311 Qum
415 1259 453 1310 rel
472 1259 527 1310 alias
546 1257 687 1310 snbstantias
702 1262 831 1324 separans,

3 1343 4 1348 ¹
37 1335 88 1374 nnn
99 1330 136 1376 est
148 1325 226 1378 ridere
237 1329 358 1381 essentiam
371 1329 480 1394 diuinum,
489 1330 527 1380 rel
540 1327 687 1392 qnidditalem
700 1329 832 1384 substantie

3 1415 4 1418 ¹
37 1399 163 1460 separate,
173 1399 213 1450 sed
226 1401 401 1462 estungnmeere
408 1413 449 1464 per
461 1400 575 1460 effectum,
583 1400 607 1450 et
620 1397 683 1462 quasi
693 1397 719 1448 in
729 1398 832 1461 speculo.

3 1483 4 1486 ¹
73 1464 105 1516 Et
117 1465 169 1518 ideo
183 1467 242 1520 abus
254 1470 333 1521 medus
347 1469 487 1534 intelligendi
508 1467 645 1520 snbstantias
657 1471 773 1532 semaraim
790 1481 833 1533 pn·

3 1601 4 1620 ¹
37 1538 106 1590 uitur
119 1538 148 1590 ab
155 1540 269 1593 lucerna
279 1542 303 1592 in
311 1555 353 1593 sua
367 1543 516 1607 Merupbye„
530 1541 620 1594 relinet
630 1539 689 1605 qubd
702 1540 833 1594 substantias

3 1627 4 1680 3
37 1613 152 1672 sepautae
164 1611 322 1676 intelliguntur
331 1612 345 1664 a
353 1613 418 1665 nubis
428 1625 469 1678 per
485 1612 624 1665 intentiones
637 1619 729 1662 suarum
740 1611 832 1673 quidli-

4 1695 5 1698 ¹
38 1681 131 1743 lulum,
145 1687 259 1745 querunt
270 1681 373 1746 quadan
383 1695 461 1734 eurum
471 1681 638 1740 similitudines,
653 1693 699 1732 uun
713 1680 832 1733 abstinete

38 1751 70 1802 alr
83 1752 132 1815 eis,
142 1753 196 1817 quia
214 1754 315 1818 ipsemet
325 1757 378 1805 suut
388 1753 558 1814 immateriales,
571 1753 611 1803 sed
625 1753 746 1816 impresse
757 1751 785 1801 ab
795 1752 831 1802 eis

4 1839 5 1892 j
37 1823 66 1876 in
77 1823 198 1876 animabus
205 1825 297 1878 uostris.
317 1825 363 1877 Sed
378 1825 419 1877 lriu
433 1825 513 1875 modus
522 1822 591 1875 etiam
605 1835 650 1874 nuu
662 1823 752 1874 uidetur
764 1823 831 1875 nubis

4 1951 5 1958 ,
38 1893 147 1947 sutdnere
158 1897 187 1947 ad
202 1896 311 1948 visionem
326 1896 425 1946 divinam
438 1908 506 1960 quana
520 1894 648 1958 querimus.
660 1893 754 1946 Cnnsnt
769 1895 831 1945 euim

4 1963 5 1984 ¹
39 1964 105 2028 subd
119 1982 134 2013 u
146 1979 213 2018 umue
225 1967 285 2031 quud
297 1967 402 2031 recipitur
414 1967 438 2017 in
451 1966 541 2029 aliquo,
555 1968 592 2016 est
608 1964 633 2015 in
645 1977 673 2016 eu
685 1977 727 2029 nur
740 1963 830 2015 medum

40 2035 192 2100 recipientis3
210 2053 224 2085 a
240 2039 316 2089 niden
328 2039 451 2088 similitudo
467 2037 549 2087 divina
566 2036 670 2088 essentie
682 2035 790 2099 impressu
804 2034 830 2087 in

39 2107 162 2160 intensum
180 2113 273 2168 mestre,
287 2109 331 2159 erit
342 2122 383 2172 per
401 2109 491 2158 modium
514 2107 584 2158 nnslri
603 2105 738 2157 intelleulrls.
752 2104 830 2158 blndua

5 2237 13 2250 ,f
41 2182 122 2231 autem
140 2178 269 2232 intellectis
290 2179 362 2231 nostri
380 2179 487 2230 deiciens
502 2184 537 2230 est
552 2178 565 2244 l
581 2178 680 2241 perlecta
702 2175 831 2238 receptione

5 2249 13 2318 ’ᾗ
41 2247 130 2302 dirius
147 2247 309 2300 similitudinis.
328 2247 433 2302 beletus
448 2253 530 2298 autem
549 2247 657 2310 pertenta
676 2242 830 2297 similitudinis

41 2322 124 2384 potest
134 2320 169 2369 tel
182 2317 254 2370 nudis
264 2315 526 2379 assidere,quutmudis
536 2313 828 2377 dissimilituduiurenilnr,

39 2389 93 2441 llnn
106 2387 169 2439 eninr
180 2389 247 2439 modo
256 2392 292 2438 est
301 2387 408 2439 definiens
424 2385 565 2444 similitude,
581 2385 671 2448 quando
683 2381 829 2448 principatur

39 2459 116 2512 terme
131 2458 254 2510 secundnm
270 2458 371 2510 eamdem
389 2457 498 2509 rationem
512 2456 613 2520 speclei,
634 2455 673 2505 sed
687 2465 733 2504 nun
747 2465 830 2505 senun-

7 2579 8 2582 ,
39 2529 95 2582 dim
111 2530 216 2581 eumdem
235 2528 379 2593 perfectiouis
398 2527 505 2590 mudnm3
519 2525 578 2578 eleut
590 2527 625 2578 est
637 2521 759 2574 similitudo
773 2522 829 2572 dell·

40 2601 107 2652 nene
119 2601 171 2664 eius
183 2599 222 2664 qul
231 2612 309 2663 perum
322 2599 391 2650 babet
400 2599 427 2648 de
441 2597 554 2659 albedine,
565 2595 593 2646 ad
605 2593 668 2645 illum
681 2592 719 2656 qni
734 2591 829 2643 multllm

40 2671 121 2724 babet.
143 2669 194 2722 iliu
204 2669 271 2722 mado
283 2671 357 2720 adlrue
372 2669 443 2746 mauis
455 2668 572 2729 deliniens,
584 2665 674 2730 quando
690 2674 735 2714 unu
748 2673 829 2726 perre-

41 2743 106 2796 uitur
121 2741 149 2792 ad
171 2741 272 2791 eamdem
283 2739 392 2790 rationem
409 2738 507 2802 speciei,
521 2738 561 2790 sed
577 2734 666 2788 taullm
678 2734 707 2785 nd
725 2734 828 2784 eamdem

40 2813 155 2865 renonem
173 2809 280 2874 grueria
294 2809 353 2860 sient
367 2813 403 2858 est
417 2807 539 2860 similitude
555 2804 692 2858 interilum
709 2801 830 2867 quilebet

42 2885 146 2936 solerem
155 2880 263 2932 uininunn
274 2880 320 2945 (rel
330 2877 467 2941 subitarum)
479 2882 503 2928 et
519 2877 582 2928 illum
594 2876 634 2940 qui
649 2875 718 2926 babet
730 2871 829 2924 solerem

42 2951 192 3008 albumlliu
200 2949 268 3003 medo
279 2951 355 3004 adnue
365 2953 402 3003 est
410 2949 482 3014 magis
493 2949 607 3013 deluens,
620 2947 710 3012 quande
720 2942 748 2995 nd
761 2942 829 2994 ratiu-
