1948 3312
129 62 175 112 m
282 65 479 116 surrnnuerrun,
495 66 587 111 omar.
603 57 659 104 και·
675 65 733 104 rur.
749 68 768 105 r.

127 143 197 194 temni
209 140 285 206 speeie
294 142 386 200 endem,
404 141 445 192 sed
461 151 555 192 numero
570 140 676 202 divom,
690 145 718 191 ut
730 142 822 193 dieitur
837 143 865 196 in
880 143 925 195 due

126 213 176 264 libri
193 214 229 264 De
244 215 354 277 perimat.
372 211 405 262 Et
417 210 473 262 verb
487 223 538 275 que
556 210 584 261 ed
602 213 686 262 mutum
701 211 784 274 glorie
796 213 925 277 ment,

126 283 170 336 toli
182 295 227 335 uon
244 283 349 334 subsunt.

158 354 191 406 td
201 353 324 406 nennium
336 351 468 415 dicendum,
478 351 540 417 qubd
552 352 591 404 itta
607 351 664 404 ratio
673 352 780 416 procedit
793 354 827 406 de
839 356 924 406 aimm-

125 423 187 476 tione
200 424 308 486 naturali,
319 435 369 488 que
381 422 451 474 lubet
462 434 532 486 agens
545 423 657 484 nennio,
666 424 726 486 qnod
741 434 773 474 ex
783 425 925 476 necessitate

126 497 211 544 nature
222 493 278 558 egit.
287 493 337 544 tion
348 493 409 543 enim
419 495 494 557 potest
506 493 551 542 tute
564 503 634 556 agens
645 493 732 542 mrum
746 493 924 556 dispositionem

125 563 303 623 inducere,nisi
315 563 391 627 ipsum
404 563 449 614 atio
461 566 485 614 et
497 561 541 613 elio
555 563 655 614 moduse
667 563 758 614 babent.
772 562 822 614 Sed
836 577 867 616 et
875 579 924 628 que

125 633 236 685 divmitios
247 632 319 696 dunt,
333 631 458 696 procedunt
468 643 498 683 en
510 631 612 684 uberum
624 631 759 684 voluntatis.
771 633 857 696 unde,
873 636 924 686 sine

126 703 200 767 atinus
219 703 375 754 immutatione
387 702 429 752 liei
443 702 555 764 rotenus,
571 706 648 766 potest
662 715 723 752 nune
737 703 791 755 beo
804 717 872 756 nune
886 705 923 755 ma

127 771 245 837 dispou'tio
257 772 287 822 ab
298 770 348 836 ipso
359 773 384 822 iu
397 769 504 823 universo
519 772 626 824 existere.
646 772 675 822 iit
684 772 718 823 sie
735 772 782 823 ista
800 773 923 826 innovabo

127 855 173 894 non
187 843 304 894 reducetur
316 845 341 892 in
351 841 440 905 aliquod
449 842 586 906 principium
595 845 692 903 motum,
699 842 773 893 sedin
781 842 923 909 prinoipinn

126 911 249 974 immobile,
267 911 352 963 scilieet
364 912 443 962 bern.

158 983 191 1034 td
204 983 297 1034 tertium
306 981 435 1045 bbendum,
448 980 509 1045 quod
521 993 563 1044 pro
572 983 635 1032 tanto
644 981 724 1033 dieitur
736 981 798 1034 Deus
814 982 857 1035 die
870 996 923 1050 sep

127 1053 183 1104 timo
196 1053 210 1104 i
222 1053 288 1106 novis
300 1053 409 1105 creaturis
426 1051 550 1105 condendis
562 1064 680 1114 oessusso,
699 1052 753 1116 quir
767 1053 830 1104 nibit
843 1061 922 1120 poeta

127 1123 211 1175 troium
226 1127 277 1187 est,
294 1123 352 1188 qnod
365 1122 430 1188 prius
441 1121 635 1188 nompreoesserit
645 1122 671 1173 in
680 1122 756 1186 alique
768 1122 921 1178 similitudine

128 1195 250 1248 secundbm
260 1207 332 1258 genus
342 1195 378 1245 vet
395 1194 505 1258 speeiem,
519 1192 557 1244 vet
570 1191 598 1244 ud
607 1193 683 1248 mium
695 1191 755 1244 dent
767 1193 793 1244 in
806 1194 921 1260 principis

128 1266 248 1329 seminati,
263 1265 301 1316 ret
316 1264 386 1316 etiem
399 1269 457 1315 siout
468 1265 493 1314 in
505 1264 608 1328 potentis
622 1264 774 1316 obedientiali.
790 1265 851 1317 uico
869 1279 919 1332 erpo

127 1335 187 1400 quod
198 1337 285 1388 nouitas
302 1334 379 1386 mundi
392 1334 467 1384 tntum
481 1333 595 1398 precessit
604 1335 629 1384 in
647 1332 806 1398 operibussex
820 1336 917 1399 dienen,

126 1405 151 1455 in
161 1407 257 1470 quadem
270 1408 355 1458 remota
369 1404 532 1468 similitudine,
547 1404 636 1456 seilicet
646 1404 672 1456 iu
681 1405 752 1469 glorie
767 1408 792 1456 et
803 1405 829 1456 in
848 1408 919 1470 mbr

127 1477 267 1539 angelorum.
281 1475 399 1528 Processit
407 1476 476 1526 etiam
488 1475 512 1526 in
522 1474 622 1538 potentia
639 1475 784 1536 obedientie,
801 1490 856 1540 qum
865 1481 919 1530 tene

126 1551 233 1598 creature
250 1552 286 1600 est
298 1544 369 1596 indito
381 1545 410 1596 od
425 1545 492 1596 telem
513 1546 637 1600 nouitatem
659 1545 828 1610 suscipiendam
843 1548 859 1600 t
875 1549 918 1603 [tet

126 1621 216 1680 egente.

157 1689 191 1741 td
210 1693 316 1755 quonum
334 1687 539 1750 dicendum,qmbd
558 1688 596 1738 itia
615 1688 731 1753 dispositio
747 1688 858 1742 nodutis
874 1703 918 1743 un

126 1756 170 1809 erit
186 1759 294 1810 netumtis
307 1770 350 1810 nee
369 1763 448 1810 eontra
467 1761 583 1820 naturam,
602 1759 700 1810 sederit
713 1763 916 1822 supmnumrurn,

127 1827 185 1878 sient
200 1829 271 1890 gretie
285 1834 310 1880 et
329 1829 400 1892 gloria
416 1830 470 1878 sunt
483 1839 550 1890 supra
570 1827 653 1880 animm
670 1831 789 1891 notumm3
805 1829 888 1880 eterit
903 1829 917 1879 t

126 1903 236 1962 perpetuo
249 1900 341 1962 egente,
353 1898 413 1960 qnod
425 1908 476 1948 eum
488 1895 597 1960 perpetuo
608 1897 761 1948 conservabit.

157 1967 191 2019 td
204 1966 307 2031 quntum
325 1965 461 2028 dicendum,
479 1965 656 2030 prodonamus
669 1977 762 2030 eorpom
778 1967 915 2022 iueeudbitir

127 2047 173 2088 nou
184 2038 308 2089 meruerint
319 2035 380 2086 ilion
394 2035 504 2099 gloriam,
515 2035 607 2100 proprie
620 2036 732 2098 loquendo
740 2073 748 2098 ,
756 2037 827 2088 bomo
842 2043 914 2090 temen

128 2107 211 2158 meruit
224 2109 249 2157 ut
265 2107 303 2158 ittu
323 2103 394 2167 gloria
409 2105 452 2156 toti
469 2107 575 2157 universo
593 2105 746 2166 conterretur,
763 2104 789 2156 in
808 2113 914 2170 quantun

128 2178 172 2228 boe
185 2177 245 2228 sedit
264 2177 288 2226 in
306 2177 451 2238 augmentum
468 2174 543 2239 glorie
556 2173 667 2238 bominis3
683 2175 742 2226 sieut
754 2175 839 2240 ebonis
851 2178 913 2230 bomo

129 2249 227 2298 meretur
243 2249 270 2296 ot
283 2243 433 2298 onruonbns
446 2245 547 2296 restibus
559 2244 665 2296 induatur
674 2257 756 2310 ‚quem
764 2248 844 2300 umen
855 2259 914 2300 mnu·

129 2318 183 2366 tum⁴
196 2316 246 2381 ipsa
265 2316 338 2371 uestis
351 2315 412 2368 nmtto
426 2315 492 2369 modo
505 2319 609 2368 meretur.
