1976 3306
169 201 170 208 ,
273 164 311 200 om
325 161 400 202 ramus
415 162 588 204 amarorum.
781 165 827 222 713

30 237 145 302 indiget,
160 251 203 289 nee
214 237 283 302 tignis
301 237 407 288 nutritur.
425 237 468 290 Sed
480 238 530 290 istae
544 240 675 293 hierenae
687 253 733 292 uon
749 247 829 296 omem-

33 312 99 361 dunt
116 309 267 362 diversitatem
277 309 303 360 in
316 309 408 373 sperio,
420 313 529 374 potatam
545 314 574 362 att
586 311 608 362 id
618 313 678 376 qood
690 312 788 376 pertinet
800 315 828 366 aul

29 385 142 432 naturam
158 380 224 444 iguis.

65 451 104 501 Ah
116 451 213 514 primum
222 463 276 516 erpo
285 449 404 502 ditandum
409 485 419 512 ,
428 449 489 515 quoi
498 451 640 517 augustiuus
648 452 748 518 loquitor
758 467 829 520 quau-

30 527 86 572 tum
100 523 130 573 ad
142 521 165 572 id
182 522 242 586 quot
260 524 295 574 est
308 521 423 573 materiale
435 523 460 572 iu
473 535 526 586 igne
540 523 593 586 illo,
606 536 654 574 oon
666 527 741 576 autem
754 537 830 590 quau·

28 597 85 644 tum
105 591 135 642 ari
145 591 207 656 tputs
223 595 335 644 mutorum.

66 665 105 715 Ad
121 664 245 717 seeundum
257 663 391 727 dicendum,
406 663 466 728 quta
480 663 540 727 iguis
549 663 592 716 ista
605 666 644 730 qui
656 667 716 730 aput
732 675 774 718 nas
785 671 828 724 est,

29 735 108 800 liguis
126 735 224 786 nutritor
239 739 263 786 et
283 734 311 784 oh
324 735 417 786 humine
431 735 588 796 sumeuditur3
604 736 658 800 quia
671 741 707 787 est
723 737 829 787 amihaia·

30 807 87 861 liter
101 811 126 856 et
140 819 184 870 per
196 805 326 858 molestiam
338 807 363 856 iu
381 805 478 858 alienam
494 807 610 861 materiam
624 809 774 860 introductus.
786 809 830 862 Sed

30 877 99 941 ignis
109 874 148 927 illa
161 875 228 939 liguis
241 889 287 928 horr
299 877 386 942 indiget
397 877 480 942 ouibus
494 878 612 938 lassatum
622 878 677 942 putu
689 879 726 929 rel
741 881 767 930 in
778 892 830 944 pro-

28 947 86 1012 pria
100 947 196 998 materia
209 947 299 1010 existit,
314 949 435 999 solestia
451 947 545 999 materia
558 949 649 1009 aliena,
664 961 711 1008 non
725 963 767 1013 per
779 952 830 1000 vio-

29 1018 148 1077 lentiam,
165 1018 205 1068 sed
223 1029 265 1083 per
282 1017 412 1069 naturami
429 1017 540 1083 principio
555 1018 769 1071 moturemoture
784 1033 831 1071 nom

31 1093 70 1142 est
84 1088 115 1137 ah
127 1087 220 1139 homine
231 1089 413 1150 remansisset
426 1089 510 1150 tileo,
521 1089 560 1150 qui
573 1093 675 1141 naturam
687 1089 749 1139 illam
762 1089 829 1141 insti·

29 1163 89 1212 tuit.
103 1161 131 1209 m
146 1161 189 1211 hoe
203 1159 309 1222 estquod
322 1160 404 1208 dieitur
417 1161 500 1215 teoioe,
515 1159 597 1210 XXX:
612 1157 714 1210 uhtaus
724 1161 827 1222 homiui,

30 1233 98 1284 sieut
109 1233 196 1282 torretur
207 1229 323 1294 sulphuris
333 1229 474 1280 suooearleus
490 1241 540 1280 eam
548 1229 593 1294 (l).
607 1243 622 1278 o

64 1301 104 1351 Ad
125 1301 219 1350 tertium
242 1299 378 1361 homeru,
394 1296 467 1370 quatit
480 1301 540 1351 siout
559 1313 655 1365 terpora
675 1302 829 1352 damnatorum

32 1375 105 1422 eruut
118 1371 220 1435 ejusdem
232 1370 332 1436 speciei,
347 1372 414 1436 euius
427 1371 493 1422 morit
507 1375 574 1434 suut,
587 1372 691 1436 quamuis
703 1373 770 1423 madh
783 1375 829 1424 sint

32 1441 207 1506 corruptibilia,
221 1445 276 1493 tuus
284 1443 363 1492 autem
376 1445 443 1494 erunt
456 1441 649 1506 incorruptibilia,
663 1455 692 1494 ex
705 1442 782 1493 ordine
796 1443 830 1492 rti-

32 1513 97 1564 vium
111 1513 224 1576 irretitis,
235 1518 261 1564 ot
273 1517 365 1578 propter
381 1514 482 1576 quietam
500 1513 575 1566 motuis
588 1513 654 1572 ooeii.
668 1517 702 1563 ita
712 1518 749 1564 ast
761 1515 830 1565 etiam

33 1589 57 1636 et
71 1585 102 1635 de
115 1583 169 1647 iguo
183 1585 278 1646 ioiemi,
295 1597 340 1649 que
350 1595 444 1648 corpora
456 1584 496 1635 itta
513 1585 644 1649 punientur.

65 1656 103 1705 hd
116 1658 221 1718 quartum
233 1655 352 1706 Modum
363 1691 370 1714 ‚
381 1653 440 1719 quot
452 1654 530 1707 lucere
548 1669 595 1707 mon
611 1655 718 1706 muuehit
729 1655 778 1720 igni
790 1667 830 1709 se-

34 1725 137 1776 aundirm
150 1725 275 1790 quamlibet
292 1725 383 1776 modum
399 1723 528 1788 existendi3
539 1725 591 1789 quia
601 1725 625 1776 iu
637 1726 727 1790 propria
738 1729 831 1778 materia

34 1797 140 1848 existens
158 1809 204 1847 arom
222 1796 292 1846 lueet.
309 1797 372 1847 Unda
394 1805 440 1846 auu
457 1797 519 1846 lueet
531 1797 556 1846 ia
574 1797 665 1862 propria
680 1799 776 1860 sphera
780 1834 790 1861 ‚
805 1801 831 1850 ut

34 1866 173 1930 Philosophi
192 1866 279 1917 dieunt.
296 1865 485 1916 Similiteretiaru
500 1866 525 1916 iu
546 1867 622 1932 aliqua
643 1867 738 1918 materia
758 1867 831 1918 rhem

34 1937 99 2000 ignis
108 1936 212 1989 mistero
227 1950 273 1989 uun
286 1937 363 1999 lueet3
376 1935 434 1986 suut
447 1936 500 1986 ehm
513 1941 549 1988 est
561 1938 585 1988 irr
597 1939 689 1988 materia
702 1949 773 2002 opaea
785 1942 832 1989 ter·

36 2009 122 2072 issar,
136 2007 198 2060 utiu
211 2009 326 2072 sulphura.
342 2007 451 2058 Similiter
467 2012 502 2059 est
522 2009 591 2058 etium
606 2010 694 2072 quanam
708 2021 737 2058 ex
754 2009 831 2074 aliqua

36 2090 119 2139 grosso
132 2078 195 2129 lamo
207 2079 258 2142 ejrrs
272 2077 361 2130 elautae
373 2078 503 2130 offuscatur.
517 2079 581 2130 itudo
601 2079 661 2142 uuhh
675 2079 735 2141 iguis
749 2077 832 2132 hrurrr

38 2161 86 2202 nom
99 2150 192 2212 luceat,
209 2164 255 2202 mon
268 2155 304 2202 est
314 2149 429 2201 sufficiens
446 2156 605 2214 argumentum
615 2151 643 2200 sd
655 2151 698 2200 hoe
711 2148 774 2212 quod
786 2161 831 2202 horr

14 2257 16 2262 -
39 2219 71 2274 sit
81 2221 188 2284 ejusdem
202 2221 294 2285 speciei.
325 2227 327 2230 '

72 2372 106 2434 (i)
122 2373 206 2428 Supple
226 2373 342 2430 Teplett,
356 2379 382 2417 ut
394 2385 423 2418 ex
441 2373 568 2432 predialis,
584 2383 646 2419 vars.
664 2371 709 2432 33,
723 2373 833 2430 supplen-

41 2434 98 2480 dum
111 2441 162 2486 asta
176 2435 211 2479 sto
223 2436 287 2479 enim
301 2435 333 2479 ihi
347 2453 352 2479 r
369 2438 512 2492 Properate
525 2441 558 2480 eat
570 2435 598 2480 oh
613 2437 667 2480 ltere·
683 2433 803 2492 rapuero,
817 2435 833 2480 d

40 2507 96 2552 repo
103 2502 244 2554 proeporoto
253 2495 381 2556 profundo
389 2502 410 2542 et
419 2497 535 2549 dilatatm·
546 2499 696 2546 amatorem
705 2497 833 2555 ajoatpoia

41 2561 63 2602 et
80 2560 151 2616 lipara
165 2557 250 2606 multo.
267 2559 353 2606 Παίου
366 2559 482 2608 Domini,
492 2564 535 2604 ete.
