1976 3306
153 161 199 207 luo
285 151 483 201 suoaueunsnuu,
499 151 590 196 onnon.
607 151 696 200 novun,
712 151 769 190 aur.
786 149 805 188 a.

150 229 206 281 illud
219 230 297 281 volunt
308 229 334 280 in
347 233 455 292 quantum
466 231 502 278 est
509 227 603 289 bonam,
612 227 650 276 vol
661 238 776 290 apparens
791 227 889 280 bouum.
899 227 937 280 Sed

150 302 254 353 uoluntas
273 313 324 364 quae
341 313 383 363 pen
402 311 427 349 se
440 299 556 348 ordinatur
572 298 600 347 ad
618 297 720 358 bonum,
737 300 775 348 est
794 298 868 350 bona.
887 301 937 364 drgo

150 371 248 421 damnati
260 375 356 434 possunt
369 371 452 420 habere
463 369 602 418 uoluntatem
615 367 707 417 bonan.

180 448 204 492 ³.
228 443 353 503 Praeterea,
370 440 438 503 aliqui
458 444 523 490 eruut
546 438 664 499 damnati,
680 439 721 500 qui
738 438 764 488 in
787 440 835 490 hoe
858 442 937 493 munda

149 513 286 574 existentes,
302 511 389 573 aliquos
398 509 506 560 virtutum
516 509 606 559 habitus
617 521 692 558 sectum
707 507 858 571 detulerunt,
868 517 938 575 utpote

150 582 268 644 Gentiles,
281 582 319 644 pul
341 581 468 630 habuerunt
480 579 575 630 drtutae
587 579 700 642 politicas.
721 579 764 628 Sed
780 592 811 628 ex
827 582 937 634 uenatu

149 653 258 703 virtutum
270 652 356 703 elicitur
372 651 492 702 laudabilis
505 651 618 702 uoluntas.
633 649 691 712 lingo
704 649 729 698 iu
744 650 867 713 aliquibus
882 655 938 704 dan·

149 725 209 775 uatis
221 723 304 788 poterit
316 734 366 772 esse
378 722 497 772 laudabilis
513 721 626 771 voluutas.

179 796 222 847 Sed
236 797 325 844 eontra:
336 793 446 843 obstinata
458 793 564 842 uoluntas
580 804 695 854 nunquan
713 794 791 855 potest
805 793 887 857 flecti,
899 793 939 844 nisi

149 867 174 916 in
195 865 287 914 malum.
307 861 353 912 Sed
375 863 473 912 damnati
493 862 596 916 honines
610 865 678 910 erunt
693 861 817 923 obstinati,
836 865 938 915 sieutet

148 937 269 986 demones.
286 933 344 996 Ergo
357 933 464 984 voluutas
476 946 553 983 eorum
567 945 681 994 uunquam
699 934 784 997 poterit
797 947 851 985 esse
874 937 936 988 bona.

178 1005 303 1065 Preterea,
316 1004 374 1054 siout
386 1015 411 1054 se
426 1003 493 1052 habu
506 1003 611 1052 voluutas
624 1001 738 1052 maurum
753 1003 783 1053 ud
796 1003 899 1063 bouum.
909 1007 936 1056 ita

147 1074 249 1127 sehabet
261 1075 365 1125 voluntas
375 1073 530 1123 damnatorum
544 1073 572 1122 ad
585 1071 677 1122 malum.
693 1073 737 1122 Sed
749 1073 812 1124 beati
822 1088 933 1140 nunquan

147 1146 229 1196 habent
243 1145 381 1195 uoluntatem
395 1143 485 1193 malano.
498 1143 558 1205 Engo
572 1154 615 1192 neo
628 1141 728 1191 damnati
739 1143 841 1206 adquam
857 1147 933 1197 halen

146 1219 284 1268 voluntatem
301 1216 394 1265 bonam.

179 1288 334 1350 (Conouusuo.
353 1283 504 1342 -Quamvis
522 1282 621 1332 damnati
641 1283 738 1334 naturali
751 1297 821 1347 quom
841 1289 935 1339 retinent

147 1359 275 1418 voluntate,
286 1357 370 1406 honum
380 1354 471 1416 aliquod
483 1353 563 1414 velint,
577 1353 630 1416 quia
642 1357 720 1402 tamen
733 1355 762 1404 ab
774 1357 859 1409 ultimo
873 1365 934 1410 mule

146 1428 240 1480 nationis
257 1427 301 1476 line
314 1426 388 1490 (uude
410 1425 500 1474 nouitas
518 1424 639 1473 uoluntatis
655 1424 752 1485 petenda
765 1427 820 1489 est)
834 1431 935 1492 perlecto

147 1505 201 1551 sunt
218 1495 307 1560 auersi,
321 1497 405 1547 nullan
417 1496 441 1545 in
454 1495 488 1545 eis
503 1496 648 1546 bononense
662 1494 803 1546 voluntatem
815 1499 935 1552 dicendum

146 1572 209 1635 est.)

177 1639 312 1706 despondeo
324 1638 458 1699 dicendum,
472 1635 533 1700 qudd
542 1637 568 1686 in
578 1636 690 1686 damnetis
701 1641 776 1700 potest
794 1640 883 1704 duplex
896 1655 935 1693 uo·

147 1713 222 1762 luntas
241 1709 390 1770 considerari,
404 1707 492 1758 seilicet
508 1709 613 1758 voluntas
624 1707 785 1771 dellbeaatlua,
796 1712 822 1760 el
831 1717 936 1764 voluntas

147 1781 262 1834 naturalis.
276 1780 387 1829 Nelusalis
402 1779 493 1841 quidem
505 1791 551 1826 non
564 1782 600 1827 est
613 1777 685 1827 eison
697 1777 769 1841 ipsis,
785 1781 829 1831 aed
841 1795 872 1832 ex
885 1797 935 1834 auo

97 1817 138 1895 s
146 1858 194 1904 tore
210 1856 312 1909 nutura,
325 1849 364 1912 qui
383 1848 408 1897 iu
428 1851 507 1896 natura
524 1849 583 1896 hane
598 1847 770 1899 inclinationem
787 1852 868 1914 posuit
888 1867 933 1918 qua

145 1920 271 1972 notua-ulte
287 1920 401 1968 voluntas
414 1917 503 1968 dieitur.
522 1917 598 1978 dudo,
611 1917 663 1967 cun
678 1922 758 1968 natura
771 1919 797 1969 iu
810 1923 848 1973 eis
860 1937 933 1976 aena-

145 1997 210 2054 neat‚
225 1987 347 2042 secunaum
364 1992 406 2040 noo
419 1988 478 2038 hona
493 1988 575 2051 poterit
587 1990 611 2037 in
624 1989 657 2037 eis
672 2001 723 2038 esse
744 1991 856 2044 voluntas
870 2003 932 2046 natu·

145 2061 205 2112 uelis
223 2061 266 2112 Sed
280 2059 383 2110 uoluntas
400 2058 547 2108 deliberativa
562 2061 597 2108 est
609 2057 645 2108 eis
658 2071 687 2107 ex
697 2059 780 2122 seipsis
789 2099 798 2121 ‚
807 2065 929 2116 seeundum

144 2133 203 2196 quod
216 2132 241 2181 iu
257 2134 366 2194 potestate
378 2133 413 2178 est
426 2140 503 2178 eorum
514 2127 617 2178 inclinari
628 2140 669 2191 per
682 2129 789 2180 allectum
802 2135 834 2184 ad
843 2137 883 2186 hoc
892 2135 928 2186 uel

144 2201 208 2252 illud.
222 2201 250 2250 llt
260 2199 425 2250 talisuoluutas
435 2202 470 2248 est
478 2198 503 2246 in
513 2199 546 2250 eis
554 2199 627 2250 solium
636 2199 703 2250 mula
713 2200 743 2250 Et
751 2202 797 2256 ileo
808 2203 872 2269 ideo,
881 2197 931 2270 puio

144 2277 198 2322 sunt
213 2271 311 2338 perfecte
325 2267 399 2319 auersi
410 2267 424 2318 d
436 2268 481 2319 line
496 2269 579 2318 ultimo
595 2273 661 2319 ueetae
676 2269 801 2322 uoluntatis
808 2289 818 2337 ;
834 2288 878 2327 nee
892 2277 932 2328 ali·

143 2355 187 2406 qua
202 2344 306 2393 voluntas
325 2343 401 2404 potest
418 2353 469 2390 esse
487 2339 564 2400 bona,
579 2340 624 2390 uisi
637 2353 677 2404 por
697 2341 800 2393 ordinem
815 2348 847 2398 ad
865 2348 931 2400 nm

143 2414 283 2477 predictum.
297 2411 361 2462 Unde
374 2411 457 2469 etiam,
471 2411 515 2460 etsi
530 2411 618 2474 aliquod
636 2411 719 2462 bouum
732 2414 821 2472 velint,
837 2429 886 2468 nou
899 2424 932 2470 ld·

143 2496 195 2534 men
207 2485 264 2534 bene
283 2481 362 2531 uolunt
375 2481 429 2532 illud
435 2517 445 2544 ,
458 2485 484 2530 ut
495 2494 525 2531 eu
538 2483 581 2532 luoc
599 2481 705 2532 uoluntao
718 2494 797 2534 oenum
809 2485 877 2538 dossa
887 2490 931 2542 diei

143 2559 318 2687 wffil·prsmun
331 2633 384 2685 erpo
398 2621 518 2672 dicendum
528 2659 536 2683 ,
545 2621 605 2685 quod
619 2623 714 2678 verbum
725 2625 830 2690 dionysii
843 2629 883 2694 (p)
895 2632 930 2684 in,

175 2769 208 2828 (l)
221 2770 291 2816 Paulo
306 2773 372 2818 aliter
389 2773 531 2829 propositum
550 2772 575 2818 iu
595 2781 729 2831 augumento
746 2777 816 2834 puden
829 2780 856 2828 in
869 2784 929 2832 llllu

145 2837 207 2878 textu
220 2833 342 2890 habeatur,
351 2834 391 2880 ulul
403 2835 535 2892 poledrum
548 2841 569 2882 el
583 2833 670 2881 donum
687 2846 798 2896 oppetere
810 2842 927 2908 donatas,
972 2877 973 2880 =
