1924 3322
116 165 163 228 llo
259 174 460 222 ειιιιιιιιιιιιιιι,
476 173 571 220 oumsr.
587 174 665 223 ιιιι,
682 174 738 214 ιιι.
758 175 775 211 ι.

117 250 297 314 mortificantum
311 249 343 300 ita
354 253 459 314 cessante
474 252 538 302 motu
552 248 620 312 coeli,
636 261 683 300 nou
695 253 773 314 potest
790 249 879 314 aliquid
891 250 923 299 ri-

113 337 169 373 uum
185 335 303 374 remanere
316 321 355 372 illt
367 318 416 371 riti
426 335 476 385 quae
491 317 520 372 e'x
534 321 653 372 influentia
667 321 729 372 illius
742 325 817 372 motus
831 333 925 372 conser-

114 395 209 445 vabatur
218 407 225 456 ;
234 393 287 444 talis
300 397 376 443 autem
387 396 422 444 est
435 393 483 443 uita
493 406 537 456 qua
548 407 609 442 nunc
622 391 746 456 degimus:
760 393 823 445 unde
833 393 926 457 oportet

114 465 176 530 qudd
190 478 219 516 ex
234 467 277 516 hac
295 464 341 514 rita
353 463 483 528 discedant,
498 464 538 527 qui
550 468 604 528 post
623 466 711 516 motum
726 465 779 516 ooeli
797 469 926 530 quiescen-

111 531 164 588 tem
177 536 262 586 victuri
275 540 338 588 sunt.
589 560 592 567 ·

146 608 181 658 tid
194 608 293 670 primum
308 601 361 669 ergo
372 605 506 670 dicendum,
522 605 583 670 quod
597 605 711 656 distinctio
723 605 763 656 illa
776 611 923 658 mortuorum

119 681 143 730 et
153 677 256 728 vivorum
266 690 312 730 non
326 680 362 728 est
372 677 491 728 reserenda
506 678 533 727 ad
547 678 622 740 ipsum
633 677 720 740 judicii,
727 681 833 742 tempus,
843 690 923 741 neque

119 749 240 818 adiutum
259 753 350 813 tempus
367 749 519 813 preteritum,
540 750 593 811 quia
612 761 691 800 omnes
710 749 834 811 judicandi
848 749 927 811 aliquo

25 817 26 820 ’
118 823 220 883 tempore
235 819 327 870 luerunt
343 819 392 871 riri
406 823 430 870 et
440 820 519 884 *aliquo
537 823 640 886 tempore
658 820 755 883 mortui;
772 822 813 872 sed
828 821 859 870 ad
872 818 927 868 illud

120 893 212 954 tempus
232 891 405 941 determinatum
426 892 488 954 quod
504 887 636 943 immediate
656 890 769 954 judicium
791 891 925 956 precedet,

123 963 213 1026 quando
227 963 313 1014 scilicet
319 961 402 1026 judicii
415 963 480 1028 sigua
493 963 605 1028 incipient
618 976 737 1028 apparere.

152 1033 187 1084 td
200 1033 323 1096 secumdum
336 1034 477 1097 dicendum,
494 1034 553 1098 quod
575 1034 701 1098 perfectum
714 1037 849 1086 sanctorum
869 1032 928 1084 desi·

123 1104 212 1159 derium
222 1117 269 1156 uon
277 1109 412 1170 potestesse
425 1105 773 1170 vacnum3sednilrilprol1ihet
786 1107 927 1158 desiderium

123 1175 303 1246 conditionatum
325 1189 403 1227 eorum
421 1190 518 1228 vacuum
539 1191 598 1230 esse.
616 1179 644 1228 Et
664 1179 711 1228 tale
733 1177 878 1231 desiderium
897 1178 930 1227 est

123 1261 169 1312 quo
184 1249 313 1298 «ιιι1ιιιιι
326 1247 465 1312 exspoliari,
478 1249 519 1300 sed
533 1249 694 1313 supervestiri,
707 1265 723 1296 ι
735 1249 824 1301 scilicet
840 1251 864 1300 si
877 1261 928 1313 poe·

125 1318 190 1370 sibile
211 1319 249 1370 sit.
265 1321 292 1370 Et
306 1320 350 1370 hoc
370 1318 507 1370 desiderium
521 1319 534 1370 a
552 1321 684 1384 quibusdam
700 1319 815 1372 veltettaa
832 1321 926 1372 dicitur.

155 1392 189 1442 dd
201 1391 294 1442 tertium
306 1391 442 1450 dicendum,
454 1391 515 1454 quod
531 1393 574 1442 troc
589 1395 623 1442 est
644 1403 763 1444 erroneum
778 1393 859 1445 dicere
870 1390 929 1456 qudd

122 1462 204 1526 aliquis
221 1463 270 1514 siue
292 1466 386 1527 peccato
406 1461 511 1526 originali
530 1462 669 1526 concipiatur
691 1467 773 1526 preter
790 1463 926 1524 Christum

123 1533 178 1598 quia
189 1533 223 1584 illi
236 1533 275 1598 qui
296 1534 347 1586 eine
357 1536 452 1599 peccato
467 1533 571 1598 originali
586 1534 769 1598 conciperentur,
779 1547 827 1586 nou
837 1535 928 1596 indige·

122 1607 175 1656 rent
187 1605 342 1670 redemptione
355 1619 406 1670 quae
424 1605 485 1656 lacta
498 1611 534 1655 est
545 1618 585 1669 per
594 1605 727 1667 christum,
740 1609 764 1656 et
774 1605 809 1656 sic
821 1606 929 1656 Christos

121 1689 171 1729 non
185 1680 246 1728 esset
259 1677 361 1728 omnium
375 1677 494 1731 hominum
505 1677 643 1740 redemptor.
658 1675 706 1726 Nec
718 1679 796 1740 potest
809 1676 856 1728 dici
868 1674 928 1740 qudd

123 1761 172 1798 uon
187 1749 231 1798 hac
243 1748 397 1812 redemptione
410 1747 568 1812 indiguerunt,
581 1747 635 1811 quia
653 1748 782 1811 prestitum
795 1749 842 1798 luit
856 1749 895 1800 eia
909 1749 930 1794 ut

107 1818 174 1874 ,eine
187 1817 473 1899 peceato'conciperentur;
484 1820 537 1884 quia
548 1819 632 1870 velilla
645 1819 719 1882 gratia
728 1819 833 1870 sacmeel
843 1831 928 1883 paren·

125 1886 201 1952 tilius,
217 1889 278 1938 utin
291 1891 324 1940 eis
340 1892 423 1941 vitium
437 1895 524 1942 nature
539 1893 667 1951 sanaretur,
681 1903 727 1970 quo
742 1895 867 1952 umente,
884 1889 929 1940 siue

129 1959 234 2024 originali
245 1964 337 2024 peccato
351 1975 460 2024 generare
471 1976 518 2015 uon
531 1967 643 2027 possent3
655 1960 707 2012 vel'
701 1961 747 2025 ipsi
757 1965 864 2024 nature,
883 1969 950 2032 que

128 2034 209 2094 sanata
221 2035 269 2095 est3
287 2035 376 2096 oportet
393 2036 470 2084 autem
486 2048 572 2098 ponere
589 2033 650 2098 qudd
668 2032 764 2096 quilibet
782 2033 922 2108 personalite
949 2009 950 2108 1

128 2069 284 2167 redemptione
302 2103 388 2152 Christi
400 2103 518 2168 indigeat
529 2118 577 2156 uon
590 2104 663 2156 eoldm
677 2103 764 2154 ratione
778 2107 876 2154 nature.
895 2099 930 2152 11·
949 2109 950 2180 1

126 2173 201 2224 berari
214 2175 290 2224 uutem
302 2172 316 2223 1
329 2166 388 2224 melo
401 2175 439 2224 rel
452 2175 465 2226 1
477 2177 554 2226 delrito
565 2174 653 2226 absolvi
670 2187 716 2226 nou
729 2178 822 2238 potest,
834 2173 881 2224 nisi
894 2147 950 2235 ι111

128 2243 229 2296 debitum
244 2241 338 2294 incurrit
348 2245 404 2295 rel
398 2259 423 2295 ιι
437 2248 522 2298 malum
534 2247 637 2310 dejectus
648 2245 707 2298 fuit:
722 2249 747 2296 et
758 2244 810 2296 ideo
821 2257 870 2295 non
879 2251 950 2324 pose}

126 2319 180 2367 sent
192 2327 272 2367 omnes
289 2315 386 2366 fructum
401 2316 520 2368 dominice
539 2317 665 2368 orationis'
658 2331 682 2366 ιι
695 2316 778 2380 eeipa’u
791 2316 950 2380 percipere

124 2387 173 2438 nisi
189 2399 268 2438 omnes
282 2386 395 2440 debitores
410 2394 559 2440 nascerentur
571 2392 594 2439 et
610 2383 677 2440 malo
685 2386 801 2452 subjecti3
817 2389 881 2438 unde
895 2384 950 2436 di·

123 2459 206 2512 missio
227 2460 352 2518 debitorum
373 2464 413 2514 ιιι
430 2462 565 2515 liberatiol
586 2463 646 2513 malo
670 2466 814 2527 conpotem
836 2456 927 2522 intelligi

125 2529 188 2612 quod
205 2531 322 2600 aliquis
305 2547 354 2584 siue
372 2535 447 2586 debito
467 2535 504 2585 vel
522 2532 657 2584 immuniti
673 2533 730 2584 malo
752 2536 881 2594 nascetur,
894 2527 950 2582 red

126 2599 180 2666 quia
191 2615 243 2652 cum
256 2604 333 2656 debito
350 2610 416 2656 natue
427 2611 532 2686 ‚postea
547 2603 700 2669 pergratiam
714 2603 799 2656 Christi
814 2604 926 2654 liberatur

126 2673 251 2726 Necetiam
264 2677 376 2741 sequitur,
382 2677 402 2728 si
415 2681 491 2741 potest
506 2676 556 2728 sine
569 2689 645 2728 errore
659 2675 715 2742 poni
728 2675 789 2738 quod
804 2674 877 2740 aliqud
888 2683 950 2724 noo

128 2745 268 2811 moriautur,
281 2750 341 2812 quod
352 2747 402 2801 siue
412 2748 519 2812 originali
536 2751 668 2812 nascautur,
680 2745 736 2800 licet
750 2760 811 2798 mors
820 2746 850 2798 sit
866 2754 927 2811 prem

128 2817 218 2880 peccati
228 2817 344 2883 originalis
358 2833 365 2869 ι
379 2818 432 2882 quia
445 2820 510 2870 Deus
523 2821 599 2882 potest
611 2832 642 2868 ex
655 2819 813 2872 misericordia
831 2817 927 2872 relaxare
949 2849 950 2852 ι

131 2885 201 2940 elicui
222 2903 313 2954 poenam
329 2891 358 2942 ad
378 2903 445 2954 quam
463 2889 574 2954 obligatur
594 2903 625 2940 ex
642 2891 710 2954 culpu
727 2890 863 2955 preterita,
876 2887 929 2940 sicut
