1922 3332
123 219 167 268 tlt
261 230 461 278 submurmurans,
474 230 567 275 eumer.
581 231 668 278 arnul,
683 231 739 268 aar.
755 231 781 268 v.

152 306 286 372 Respondeo
294 307 425 371 dicendum,
437 307 497 371 quod
506 307 566 357 eirea
577 307 635 356 hane
646 307 799 370 questionem
813 311 851 357 est
865 306 920 356 mul-

121 377 192 442 tiplex
207 379 293 444 opinio.
309 379 403 438 Quidam
415 379 475 428 enim
490 379 569 429 dieunt
583 377 643 442 qubd
657 378 732 429 omnia
744 379 859 429 elementa
873 391 919 428 rua·

122 449 209 500 nebunt
217 454 326 514 qnantum
335 451 361 500 ad
377 449 493 501 materiam
504 467 510 512 3
522 450 596 500 omnia
605 453 680 500 autern
690 450 840 500 mutabuntur
850 463 920 515 quan·

122 524 170 570 tum
188 521 216 572 ad
233 521 442 586 imperfectionem
457 523 497 572 aed
511 522 555 572 duo
572 534 648 572 eorum
662 520 793 571 retinebunt
807 523 921 586 propriam

122 591 217 642 termam
234 593 414 654 substantialem,
426 592 514 643 scilieet
529 598 604 644 aeret
618 595 691 656 terra,
707 592 732 642 irr
748 592 836 643 duobus
851 594 920 663 reri,

111 663 211 714 seilicet
224 664 276 727 igue
286 668 309 715 et
318 677 385 728 aqua,
396 677 442 714 nou
453 665 579 716 remanebit
589 664 661 715 torma
669 664 920 726 substantialiseorum‚

124 736 163 786 sed
175 736 321 786 mutabuntur
331 737 359 786 ad
372 736 467 787 formam
482 734 550 797 coeli,
562 735 628 786 etsie
637 735 680 786 tria
694 735 809 786 elementa
823 735 922 800 (seilicet

123 805 254 870 ignis‚,aer
267 811 290 858 et
304 809 379 872 aqna)
393 807 482 858 eoelum
503 807 618 869 dicentur,
635 807 739 870 quamuis
762 819 801 858 aar
824 809 922 858 retineat

124 877 225 928 eamdem
239 877 334 929 turmam
348 881 538 944 substantialem,
548 893 616 943 quam
628 891 690 929 nune
702 879 786 942 babel,
798 879 854 943 quia
863 889 921 929 nnnc

123 947 192 1000 etiam
203 949 391 1013 colementum
406 952 467 1002 nude
476 952 545 1002 etiam
557 951 576 1002 A
580 965 644 1015 poe„
656 951 720 1014 lllll,
733 963 780 1000 non
796 951 823 1000 lit
837 951 922 1002 meubo

124 1018 170 1070 nisi
184 1021 216 1070 'de
230 1022 287 1072 eaelo
301 1025 324 1072 el
336 1027 396 1074 terra
410 1038 417 1073 ι
438 1022 513 1072 ullibi
529 1021 621 1086 (inquit)
635 1023 716 1074 eoelum
729 1037 824 1083 nouum,
838 1027 864 1072 et
875 1028 923 1073 ter-

124 1104 172 1141 ram
185 1105 275 1143 noram.
290 1111 304 1142 »
319 1094 363 1144 Sed
374 1096 422 1146 baec
438 1094 515 1158 opinio
527 1099 562 1145 est
578 1094 671 1144 omnino
686 1094 790 1144 absurda.
803 1095 923 1158 Repugnat

125 1162 223 1214 enimet
241 1165 405 1231 philosophiae,
423 1166 548 1217 secuudum
561 1179 629 1230 quam
648 1165 703 1229 poni
713 1179 758 1216 non
774 1169 849 1229 potest
862 1165 922 1230 qrrbtl

125 1247 216 1298 cornera
234 1235 341 1289 interiora
355 1237 403 1288 sint
415 1236 439 1287 in
459 1237 604 1299 potentinae
619 1237 713 1289 formam
729 1237 797 1300 eoeli,
813 1235 867 1286 eim
882 1249 923 1286 neo

124 1308 241 1358 materiam
253 1309 350 1360 habeant
363 1323 515 1371 communem,
523 1323 568 1360 nee
577 1308 759 1360 contrarietatem
771 1310 799 1359 ad
811 1309 921 1372 invinem3

126 1381 149 1428 et
159 1379 226 1428 etiam
238 1381 369 1446 theologie,
380 1382 434 1446 quia
443 1380 567 1432 secundnm
576 1379 780 1444 baneposilionem
790 1393 836 1431 non
848 1381 923 1431 salra-

125 1449 185 1500 bitnr
197 1453 306 1516 perfectio
319 1454 420 1504 uniuersi
434 1465 485 1503 rum
499 1453 629 1518 integritate
642 1465 733 1503 suarum
741 1453 840 1516 partium
848 1490 857 1515 ,
865 1454 922 1528 dno·

124 1523 167 1572 bus
181 1524 301 1576 elementis
319 1525 421 1576 sublatis.
437 1525 500 1577 Unde
520 1539 561 1590 per
580 1526 624 1576 boe
644 1527 702 1590 quod
718 1525 801 1576 dieitur
813 1525 923 1586 emtum,

124 1594 258 1658 intelligitur
272 1596 376 1660 quintum
392 1611 490 1662 enrpns3
506 1597 582 1648 omnia
595 1596 651 1648 verb
664 1597 775 1648 elementa
788 1597 923 1660 intelligun-

125 1668 161 1714 tur
172 1679 212 1730 per
223 1669 337 1726 terram,
347 1669 407 1720 sieut
418 1670 442 1719 in
452 1669 550 1720 Psulm.
562 1669 684 1720 exuvttl:
701 1686 714 1717 a
728 1669 828 1720 Laudato
846 1669 923 1720 Domi·

125 1750 180 1786 num
203 1738 230 1788 de
249 1742 323 1806 terra3
338 1757 353 1789 n
367 1744 390 1792 et
416 1741 517 1806 sequitur
536 1757 543 1791 ε
562 1741 673 1805 «Ignis,
692 1741 793 1805 grando,
808 1739 862 1805 nin,
877 1741 924 1804 gla-

125 1807 205 1868 cies,»
220 1813 264 1861 etc.

156 1879 185 1928 nt
203 1879 254 1931 ideo
267 1882 307 1932 alii
318 1881 405 1946 dieunt,
416 1883 474 1946 quod
488 1885 566 1936 omnia
580 1884 691 1936 elementa
703 1883 827 1934 manebant
840 1897 923 1936 seeun-

125 1949 179 2000 ‹lirm
197 1951 362 2017 substantiam,
381 1955 422 2006 sed
441 1955 562 2019 qualitates
585 1956 663 2007 aetius
682 1959 706 2006 et
723 1955 821 2020 passive
840 1956 868 2007 ab
889 1957 922 2008 eis

125 2023 315 2073 removebuntur:
326 2024 384 2074 sieut
398 2024 465 2075 etiam
476 2030 565 2090 ponunt
577 2027 637 2090 quod
650 2027 675 2076 iu
684 2040 778 2092 corpore
792 2025 864 2078 mixto
878 2029 922 2078 ela·

125 2098 202 2145 menta
217 2093 333 2146 salvantur
344 2095 468 2146 seeundum
477 2110 530 2147 suas
542 2098 625 2149 termas
636 2099 796 2149 substantiales
803 2136 811 2162 ,
821 2097 871 2150 sine
881 2101 922 2149 boc

125 2165 184 2228 qnod
202 2164 304 2230 proprias
323 2165 444 2228 qualitates
463 2168 577 2234 babeant,
595 2168 646 2220 eim
665 2170 712 2220 sint
729 2171 757 2220 ad
774 2170 874 2220 medium
887 2183 921 2220 re·

125 2236 213 2300 duetae3
236 2237 336 2288 medium
359 2242 434 2288 antem
457 2242 562 2290 neutrum
585 2245 736 2292 extremorum
754 2244 798 2292 est.
822 2243 850 2290 Et
869 2243 921 2291 bnie

125 2308 194 2359 etiarn
209 2307 296 2358 videtur
309 2320 433 2360 consonare
444 2312 503 2374 quod
515 2313 656 2376 Augustinus
674 2311 737 2376 dicit,
749 2311 798 2362 llll.
814 2313 853 2362 De
865 2315 919 2363 Ciu.

125 2381 173 2430 Dei
181 2417 191 2440 ,
206 2381 267 2444 (cap.
280 2380 335 2444 lul:
354 2383 426 2434 <allen
439 2382 483 2433 ista
497 2384 671 2448 conflagratione
686 2381 809 2444 mundani,
824 2386 920 2436 elemen-

123 2455 198 2502 torum
209 2452 388 2517 corruptibilium
410 2453 603 2520 qualitatesque
626 2454 759 2520 corporibus
772 2455 857 2507 nostris
873 2470 920 2507 nor-

124 2524 267 2588 ruptibilibus
282 2525 452 2588 congruebant,
467 2527 565 2577 ardendo
587 2525 678 2590 penitus
700 2525 839 2591 interibunt;
854 2532 918 2593 atque

69 2605 71 2610 ·
124 2594 175 2658 ipsa
187 2596 311 2646 substantia
327 2609 366 2648 eas
378 2597 497 2660 qualitates
507 2597 612 2662 habebit,
622 2610 673 2663 qne
684 2597 816 2661 munoribus
828 2599 918 2650 immor·

124 2666 207 2716 talibus
221 2668 317 2720 mirabili
329 2669 455 2720 mutatione
465 2668 608 2719 conueniant.
620 2684 634 2716 u
645 2669 687 2720 Sed
702 2669 765 2719 istud
775 2683 822 2720 non
831 2671 919 2722 videtu

124 2737 239 2801 probabile
250 2755 256 2789 :
267 2741 319 2804 quia
331 2740 382 2791 nium
393 2739 513 2804 qualitates
521 2739 617 2804 propriae
627 2740 790 2790 elementorum
799 2741 848 2792 sint
855 2741 918 2794 elter-

125 2811 163 2858 tns
179 2809 300 2862 turmarum
314 2811 511 2870 substantialium,
526 2823 572 2862 non
583 2812 675 2863 uidetur
685 2810 761 2875 qnid,
776 2811 858 2865 termis
868 2815 917 2866 sub·

124 2879 266 2933 stantialibns
287 2883 448 2946 manantibus,
462 2880 583 2947 qualitates
594 2882 708 2948 predicte
722 2883 811 2947 possint
829 2885 917 2950 mnan,

125 2952 168 3003 uisi
182 2967 222 3020 per
234 2956 347 3009 aeliouam
356 2955 478 3007 uiolentam
486 2955 515 3008 ad
524 2957 628 3022 tempus3
637 2953 698 3008 sieut
707 2953 733 3008 in
743 2967 803 3022 aqua
812 2957 919 3012 umefacto
