1980 3320
116 199 149 248 dt
259 207 463 256 surrumurmr,
474 205 571 252 ouans.
585 204 651 256 surr,
665 206 721 244 aaa.
739 207 775 243 ιιι.

114 285 192 338 littora
203 284 262 350 (rt.
275 284 396 340 Sentent„
413 281 468 333 dist.
488 283 534 344 ιι)
552 281 627 346 posita
641 281 715 344 tangit
732 281 856 333 essentiam
872 285 928 334 ma·

116 356 218 408 trimoni‘r
227 393 233 415 ,
243 355 330 404 scilicet
339 351 550 417 conjurationem,
567 355 590 402 at
600 351 663 402 addit
676 353 849 404 determinatum
864 355 928 405 sub·

115 427 213 492 jactum,
227 425 252 475 iu
262 426 306 476 troc
318 423 378 488 quod
392 423 456 487 dicit,
472 422 676 485 «interlocutimas
690 436 806 488 personas.
824 441 838 472 ιι
851 426 928 477 Ponit

117 497 186 550 otiam
196 495 348 550 differentiam
357 494 529 546 corurahontam
540 495 568 544 ad
578 494 685 558 speciem,
696 495 721 545 iu
732 495 775 547 hoc
784 497 844 560 quod
854 494 924 560 dicit,

119 585 135 618 u
149 567 258 619 maritatis
267 583 298 628 ,ι
312 566 382 629 quia,
397 564 450 616 cim
465 565 633 616 matrimonium
651 563 682 616 sit
695 565 828 630 conjunctio
841 566 867 617 in
881 579 926 618 or·

119 639 173 691 dina
186 639 214 690 ad
223 637 309 702 aliquid
318 649 404 698 unum,
417 634 470 687 talis
481 635 611 700 coniunctio
620 635 644 686 in
653 635 754 700 spadam
767 635 865 689 trahitur
879 650 927 702 por

119 709 176 762 illud
194 710 222 760 ad
238 709 298 773 quod
314 705 446 768 ordinatur,
461 711 483 758 ct
498 708 594 773 irooost
605 705 628 757 id
639 707 699 771 quod
713 708 741 758 ad
753 708 860 760 maritum
869 721 928 772 por·

121 781 189 834 tinet.
209 779 278 832 Ponit
290 779 356 850 otiam
368 779 475 830 uirtutum
485 777 554 844 hujus
567 778 744 842 conjunctionis,
758 779 815 842 qnia
823 779 930 832 indissu-

120 851 198 903 lubiiis
209 859 253 912 est,
264 849 289 901 in
302 852 346 901 troc
356 849 416 914 quod
426 849 490 914 dicit,
507 848 677 907 «individuam,
688 866 702 897 ιι
713 853 756 900 etc.
773 849 817 902 Sed
828 848 873 900 alia
886 853 929 904 do-

122 922 196 974 finitio
206 922 279 986 tangit
286 923 392 974 offertum
401 922 430 972 ud
439 933 507 985 quom
520 920 637 972 ordinatur
646 919 825 984 matrimonium,
837 921 931 976 suitioot

124 993 220 1043 auitam
244 1004 388 1044 communem
410 991 434 1041 iu
450 992 518 1042 robus
533 989 675 1042 domesticis.
695 1008 710 1040 ιι
729 993 758 1043 Et
773 992 826 1057 quia
849 993 931 1046 omnis

124 1063 447 1128 communicationum-loga
459 1062 591 1124 ordinatur,
605 1062 657 1114 idco
671 1063 762 1127 ponitur
771 1063 930 1117 ordinativum

123 1133 193 1187 istius
211 1134 438 1197 communicationis,
458 1133 545 1186 scilicet
561 1133 601 1198 jus
618 1132 720 1184 diuinum
740 1137 765 1186 at
781 1135 927 1198 humannma

125 1204 177 1258 alia
187 1209 264 1258 autum
278 1205 507 1270 communicationes,
519 1207 545 1255 ut
553 1204 720 1270 negotiantium
730 1209 754 1258 ot
767 1205 928 1268 militantium,

125 1277 175 1330 solo
190 1278 239 1342 iuro
250 1279 349 1328 humano
362 1268 473 1330 instituta
483 1279 546 1328 sunt.

158 1349 192 1403 dd
201 1349 301 1413 paruum
313 1361 366 1410 orgo
377 1347 511 1413 dicandum,
522 1346 584 1413 oudd
597 1349 718 1414 aliquando
730 1347 821 1413 priora,
833 1358 864 1398 ax
875 1349 931 1410 qui·

126 1419 170 1472 bus
190 1419 258 1471 debet
268 1418 316 1470 dari
333 1417 449 1480 definitio,
464 1432 510 1471 non
524 1422 641 1471 suutnotu
652 1421 726 1484 quoad
739 1431 791 1470 uos.
802 1417 893 1470 ntideo
903 1418 932 1471 in

126 1489 259 1542 definitione
273 1489 399 1552 aliquorum
412 1494 528 1554 ponuntur
544 1490 620 1554 aliqua
636 1488 764 1555 posteriora
785 1487 929 1554 sinpliciter,

127 1575 178 1626 qua
191 1564 246 1612 sunt
257 1561 333 1624 priora
350 1561 426 1624 quoad
435 1573 490 1624 nos3
503 1561 563 1629 siout
576 1563 601 1614 in
613 1561 744 1614 datinitionc
757 1560 871 1625 qualitatis
884 1573 930 1624 pn·

127 1632 190 1684 uitur
200 1631 274 1694 quote
285 1630 455 1696 i-Puilosopho,
465 1631 520 1682 cium
527 1632 586 1684 dicit
597 1648 603 1682 :
617 1649 631 1682 o
645 1632 746 1694 Qualitas
756 1634 793 1683 ast
804 1630 931 1684 sacunddm

127 1717 195 1768 quam
215 1703 293 1768 quales
310 1716 361 1754 esso
375 1705 479 1756 dicimur.
497 1721 512 1754 ιι
527 1705 556 1754 Et
572 1704 604 1756 ita
622 1705 691 1756 etiam
706 1704 745 1756 hic
757 1705 782 1754 iu
795 1703 931 1758 defiuitiouo

127 1773 281 1835 matrimonii,
291 1775 383 1838 ponitur
395 1777 539 1840 conjunctio
553 1774 684 1826 maritatis
697 1779 723 1826 ut
736 1775 766 1825 sit
775 1788 856 1830 sensus
867 1774 931 1838 dudd

130 1843 321 1896 «matrimonium
338 1850 374 1896 ost
390 1846 522 1909 conjunctio
535 1846 563 1896 ad
580 1857 607 1898 oa
619 1859 669 1910 quaa
685 1846 762 1897 mariti
779 1845 879 1898 officium
892 1859 929 1898 ra·

129 1913 213 1980 quirit,
224 1930 238 1961 u
249 1929 299 1978 qua
313 1928 358 1966 non
368 1919 527 1980 poterautuno
542 1915 633 1968 nomino
650 1916 756 1981 capriani.

163 1986 197 2037 dd
208 1985 331 2036 secundum
345 1985 478 2050 dicundum,
493 1987 552 2051 quod
565 2001 606 2052 par
617 1989 677 2042 trouu
690 1987 841 2040 &durentiam
855 1987 929 2052 ungi-

129 2065 169 2110 tur
181 2055 232 2108 duis
243 2056 412 2120 conjunctionis
417 2095 426 2122 ,
441 2063 466 2108 ut
478 2058 564 2110 dictum
582 2063 624 2112 ost.
640 2061 669 2112 iit
679 2060 741 2124 quia,
756 2064 782 2110 ut
795 2058 850 2110 dicit
864 2059 929 2121 duo-

132 2130 220 2192 stolus,
239 2129 300 2178 uvir
319 2141 365 2180 non
379 2132 414 2179 est
430 2135 521 2194 propter
542 2131 674 2195 mulierem,
688 2131 730 2182 ¹sad
745 2130 826 2180 mulier
838 2131 929 2193 proptor

119 2202 220 2264 airum,
236 2215 249 2246 ι
261 2198 313 2252 idco
326 2200 376 2252 hnc
385 2199 512 2254 differentia
527 2202 604 2267 potins
615 2203 684 2255 debat
694 2203 755 2256 anmi
769 2201 782 2252 ι
796 2201 845 2252 viru
861 2199 929 2264 quau

133 2271 267 2324 dmuiiare.

164 2345 198 2396 ad
212 2347 305 2396 tortium
319 2344 450 2408 dicandum,
459 2345 533 2410 quid,
542 2345 603 2398 sicut
618 2347 665 2398 vita
680 2346 754 2398 ciritio
765 2357 813 2398 nou
826 2344 931 2408 inportat

133 2420 208 2468 actum
226 2416 363 2480 singularem
371 2417 442 2481 huius
458 2418 495 2469 val
507 2417 580 2480 iilius,
591 2418 630 2469 sad
642 2431 669 2470 aa
677 2430 728 2482 qun
739 2419 767 2470 ad
777 2414 931 2468 currumuuicu-

133 2486 221 2539 tionum
239 2487 329 2538 civitam
342 2487 470 2552 perducat,
489 2489 521 2540 ita
541 2488 587 2540 vita
604 2489 731 2554 conjugalis
746 2487 803 2540 nihii
822 2487 880 2538 atiud
893 2490 934 2538 ost-

134 2557 203 2624 qudm
221 2560 362 2611 conversatio
378 2561 406 2610 ad
425 2560 653 2611 communicationem
672 2562 741 2610 tatum
764 2559 887 2624 pertinens.
901 2559 930 2608 Et

133 2631 201 2695 idco,
215 2630 323 2696 undatim
343 2631 372 2682 ad
389 2633 449 2682 dano
465 2632 550 2692 uitam,
562 2632 685 2700 scmporin
697 2631 830 2696 conjugibus
839 2639 932 2682 consue·

135 2703 191 2753 tudo
207 2706 244 2753 cot
256 2703 380 2766 individua,
400 2701 547 2768 quamuissit
557 2701 629 2753 diuisa
642 2701 752 2767 quantiam
769 2701 797 2752 ad
808 2704 869 2752 actus
884 2698 930 2752 siu·

134 2773 224 2839 guimas
236 2775 363 2840 utriusque.

166 2845 201 2898 ud
216 2851 319 2912 quartum
330 2849 394 2912 patet
406 2845 489 2914 solutio
502 2857 532 2897 cr
545 2842 629 2898 dictis..
