1954 3314
230 153 261 189 nu
278 153 432 190 curriculus
448 153 576 192 couronurr
591 155 727 193 usurouuu.
833 147 878 192 5⁰1

55 227 190 292 quidquid
206 228 333 280 nobilitatis
354 231 434 279 natura
456 229 556 294 corporis
574 231 677 294 patitur,
693 234 766 282 toturn
784 233 878 296 corpori

58 299 177 362 glorioso
191 299 343 363 prestabitur.
353 302 503 364 nrgooorpus
515 301 637 362 gloriosum
648 315 678 352 cx
689 314 736 352 suae
745 302 878 352 subtilitatis

57 369 217 434 proprietate
236 371 328 422 babebit
340 371 400 435 quod
419 371 492 434 possit
509 385 560 423 esse
573 373 641 424 simul
660 384 711 422 curn
727 371 772 423 alio
786 386 880 436 corpore

59 441 90 491 in
106 443 201 494 eodem
214 442 273 493 loco.

99 514 153 563 Sed
168 518 249 564 contra
265 518 313 577 est,
327 514 388 577 qubd
401 515 493 566 Boetius
511 517 566 567 dicit
579 517 604 568 in
622 517 678 568 libro
693 519 730 568 De
752 517 878 567 Trinitoto

66 586 150 648 (cap.
175 585 210 649 1)
228 587 304 638 :clu
321 599 416 637 nurnero
435 587 588 638 differentiam
606 589 705 640 varietas
727 589 879 640 accidentium

66 657 146 719 tacit3
155 669 213 707 narn
225 659 272 707 tres
284 657 388 708 homiues
401 671 475 720 neque
485 672 577 722 genere,
589 671 664 722 aeque
678 660 768 724 specie,
779 661 819 710 sed
830 659 877 710 suis

67 727 240 778 accidentibus
252 727 350 790 distaut;
361 741 413 778 narn
427 729 446 779 si
460 729 553 780 omuino
566 735 645 780 cuncta
658 731 687 782 ab
700 731 737 782 luis
748 729 876 781 accidentia

67 811 228 863 separamus,
240 804 316 850 tamea
329 801 392 852 locus
402 805 436 852 est
450 801 536 855 cunctis
544 796 658 865 diversus,
668 817 736 866 quern
749 815 821 853 uuum
834 802 877 852 tlu-

69 883 129 934 gere
139 871 206 922 nullo
217 871 410 935 modopossuurus
419 873 464 936 (l).
474 889 489 920 u
501 873 561 936 Ergo
571 873 591 924 si
604 879 718 938 ponantur
727 875 772 925 duo
782 885 874 938 corpora

71 955 127 992 esse
143 941 169 990 in
184 955 230 992 uno
242 941 306 1004 loco,
319 946 387 993 eruut
399 957 470 992 unum
483 956 565 1008 corpus
576 951 680 996 numero.

107 1016 240 1074 Praeterea,
254 1025 347 1077 corpora
368 1015 464 1078 gloriosa
487 1017 595 1079 majorem
609 1015 794 1067 convenientiam
809 1017 878 1068 habe·

73 1085 136 1134 bunt
150 1098 203 1134 curn
222 1085 273 1136 loco
292 1085 359 1148 quim
378 1086 470 1150 spiritus
481 1086 587 1149 angelici.
606 1087 651 1137 Sed
668 1087 762 1154 spiritus
780 1088 879 1150 angelici

76 1160 122 1216 (ut
141 1154 234 1218 quidam
248 1156 346 1220 dicunt)
365 1170 410 1207 uon
423 1161 517 1222 possent
539 1156 646 1224 distingui
663 1156 770 1216 numero,
781 1156 826 1207 nisi
839 1171 879 1208 es-

75 1232 132 1277 seut
148 1227 174 1276 in
190 1227 286 1277 diversis
303 1227 375 1290 locis3
391 1232 416 1278 et
433 1233 525 1291 propter
543 1230 588 1280 hoc
607 1231 696 1292 ponunt
709 1226 768 1290 quod
787 1241 879 1280 necesse

79 1301 118 1347 est
128 1310 171 1363 eos
181 1309 232 1348 esse
244 1297 269 1347 iu
280 1299 329 1350 loco
337 1336 343 1362 ‚
352 1303 376 1349 et
388 1299 448 1364 qubd
458 1303 512 1350 unte
524 1301 633 1350 mundum
647 1297 720 1350 creari
740 1313 786 1350 non
799 1305 880 1362 potue·

78 1373 144 1420 runt.
157 1369 217 1432 Ergo
230 1369 301 1420 multd
314 1369 388 1433 magis
398 1370 482 1420 debent
494 1369 569 1422 dicere
582 1371 643 1435 qubd
658 1371 703 1421 duo
717 1383 811 1436 corpora
822 1384 879 1434 quu-

79 1441 212 1504 liacurnque
224 1441 270 1493 nou
282 1447 379 1505 possunt
392 1443 459 1492 simul
467 1457 519 1494 esse
527 1444 551 1494 iu
566 1445 645 1494 eodeni
655 1443 714 1494 loco.

115 1512 278 1576 (Concnnsro.
287 1540 318 1552 -
327 1511 383 1564 cin
394 1515 422 1564 de
432 1515 519 1566 ratione
529 1516 643 1578 corporis,
656 1513 750 1564 materid
761 1513 879 1576 lormdqne

82 1584 226 1645 constantis,
239 1585 269 1635 sit
285 1598 336 1639 esse
350 1586 456 1638 sensibile
469 1587 560 1650 locique
575 1586 724 1650 repletivus,
736 1585 877 1636 nullomodo

82 1657 213 1716 competere
226 1657 310 1720 poterit
322 1657 412 1722 corpori
424 1658 521 1720 glorioso
532 1661 558 1707 ut
568 1657 655 1708 ratione
666 1657 797 1726 subtilitatis
806 1655 879 1718 possit

83 1739 136 1776 esse
150 1725 218 1776 simul
230 1741 282 1778 cum
297 1741 392 1792 corpore
406 1742 453 1780 non
467 1729 580 1792 glorioso,
592 1728 639 1778 nisi
650 1741 679 1779 er
698 1728 830 1793 operatione
844 1727 879 1778 di·

83 1797 145 1847 uiuae
157 1796 266 1860 uirtutis,
281 1800 310 1849 ad
324 1799 401 1862 glorie
413 1798 586 1863 perlectionem.
599 1799 608 1863 )

116 1869 250 1932 Respondeo
265 1870 397 1933 dicendum,
416 1869 476 1934 qubd
493 1884 541 1922 non
556 1875 631 1934 potest
651 1871 697 1922 dici
716 1871 777 1934 qubd
796 1883 879 1934 corpus

85 1938 206 2000 gloriosum
216 1941 305 1992 ratione
316 1955 363 1992 sue
376 1942 507 1994 subtilitatis
516 1943 599 1994 habeat
607 1941 668 2006 qubd
678 1943 751 2007 possit
765 1955 816 1992 esse
827 1953 878 1992 cum

85 2009 129 2060 alio
139 2023 229 2074 corpore
244 2011 269 2064 in
286 2014 365 2064 eodern
378 2014 442 2075 loco,
453 2013 498 2064 nisi
507 2027 547 2076 per
558 2015 707 2064 subtilitatem
721 2011 837 2062 auferatur
848 2012 876 2061 ab

87 2093 115 2131 eo
129 2080 151 2130 id
166 2094 205 2144 per
218 2084 278 2146 quod
292 2083 426 2147 prohibetor
438 2098 500 2138 nunc
513 2098 563 2136 esse
578 2084 646 2135 simul
663 2097 715 2134 cum
729 2082 773 2134 alio
787 2095 880 2147 corpore

88 2152 114 2202 iu
123 2153 198 2204 eodem
213 2154 271 2204 loco.
285 2154 367 2206 Dicunt
380 2161 456 2206 autern
469 2156 560 2220 quidam
574 2155 635 2220 quid
649 2152 781 2220 prohibetur
795 2154 880 2204 abhoc

90 2222 116 2272 in
131 2223 173 2274 isto
187 2230 247 2276 statu
260 2225 346 2277 ratione
367 2227 527 2291 corpulentia,
546 2241 588 2297 per
601 2241 668 2292 quam
681 2227 753 2290 *nabat
771 2223 831 2288 qubd
843 2237 881 2274 re-

90 2295 150 2358 pleat
160 2294 245 2359 locum,
259 2297 411 2360 quequidern
420 2299 559 2362 corpulentia
570 2300 600 2350 ab
610 2295 640 2350 eo'
652 2294 825 2361 persubtilitatis
839 2296 879 2344 do·

92 2370 138 2416 tenu
147 2365 242 2418 tolletur.
253 2367 298 2418 Sed
308 2369 352 2420 boc
363 2383 409 2420 nou
420 2373 497 2434 potest
507 2373 583 2432 stare,
597 2373 690 2434 propter
703 2369 747 2418 duo
762 2383 768 2416 :
779 2365 876 2424 Primb,

93 2437 144 2500 quia
155 2437 293 2502 corpulentia
301 2439 369 2503 qutun
381 2441 421 2490 dus
435 2440 566 2491 subtilitatis
580 2441 666 2500 aufert,
677 2444 713 2490 est
726 2439 755 2489 ad
767 2438 881 2489 delectum

92 2507 200 2571 pertinens
209 2547 215 2570 ,
224 2509 280 2572 puta
290 2509 365 2572 aliqua
379 2509 516 2562 inordinatio
527 2511 627 2562 materie
638 2524 684 2560 non
698 2509 799 2574 perfecte
813 2508 882 2559 subs-

93 2579 156 2630 taulis
169 2593 214 2630 sue
228 2582 315 2632 forme.
332 2581 413 2631 Toturn
424 2581 485 2632 euim
499 2583 560 2647 quod
576 2583 604 2631 ad
617 2581 772 2645 iutegritatem
781 2579 882 2644 corporis

95 2650 234 2714 pertinet‚in
251 2664 345 2716 corpore
362 2657 480 2717 resurget,
492 2658 538 2704 taur
555 2667 584 2704 er
600 2657 665 2717 parte
679 2653 758 2704 forme
775 2665 842 2716 quant
853 2665 882 2702 er

110 2782 154 2917 Mill
166 2811 223 2916 utino
244 2817 268 2856 et
281 2809 344 2856 addit
360 2811 422 2868 qudd
443 2825 523 2859 onom
536 2812 617 2859 locum
635 2813 684 2859 duo
701 2825 806 2872 corporo
828 2823 878 2885 oon

97 2886 109 2915 0
127 2885 181 2918 tntu
195 2905 199 2916 .
