1924 3322
211 179 243 216 nn
259 178 316 218 leun
331 180 430 218 ιιτιιιι
446 179 677 221 consulemuems.
797 174 843 222 ιιι

31 254 85 306 illue
97 254 273 318 escenderunt,
288 259 314 306 nt
325 257 387 310 Beda
404 257 476 320 dicit,
492 262 516 310 et
534 257 630 310 habetur
640 260 666 313 in
685 261 715 310 ll.
731 261 842 311 Senteet.

32 327 101 389 (dist.
121 331 155 376 17
169 331 186 390 ).
200 329 258 392 Ergo
275 327 364 380 videtur
381 329 442 394 uerbd
459 342 504 380 non
522 331 599 384 omnia
615 332 729 382 elementa
743 331 843 384 totaliter

31 399 204 462 purgabuntur.

59 470 106 520 Sed
118 473 202 520 contra
210 467 335 524 est‘elossa
345 473 414 538 supr-e
424 473 533 534 inducta,
547 487 598 538 quea
609 473 705 524 habetur
718 474 747 526 ll.
762 475 841 533 Pete.¹

31 541 85 602 ult,
101 541 169 605 qubd
184 559 198 588 ιι
208 547 306 608 quatuor
317 545 429 596 elementa
441 545 503 609 ignis
516 547 555 598 ille
568 548 705 598 absumet.»

62 613 232 677 (Concnusro.
252 641 283 652 —-·
297 615 442 680 lmpnritates
464 617 694 682 elementorumque
713 631 743 668 ex
765 631 843 670 eorum

32 684 193 747 permixtione
210 686 361 750 proveniunt,
381 701 423 751 per
436 688 512 752 ignem
526 691 707 754 purabuntur.)

62 757 210 821 Respondet)
224 759 360 822 dicendum,
375 760 435 824 qnbd
452 761 544 824 quidam
559 761 638 814 dieunt
651 761 711 825 qubd
725 761 785 826 ignis
804 762 842 814 ille

32 829 149 880 ascendet
164 843 235 893 risque
249 832 277 880 ad
290 831 444 882 summitatem
459 833 528 898 spatii
538 834 679 884 continentis
690 839 787 896 quatuor
796 834 843 886 ele-

32 903 130 962 menta3
148 904 174 951 ut
193 902 226 952 sic
244 904 355 954 elementa
368 903 468 956 totaliter
487 909 629 968 purgentur,
646 910 670 956 et
683 905 710 955 ab
721 905 844 956 insertione

32 971 134 1034 peccati,
146 973 272 1036 quinetiam
282 973 410 1038 superiores
423 979 500 1040 partes
513 977 678 1028 elementorum
687 979 741 1026 sunt
752 975 843 1026 iniectae

35 1043 77 1104 (ut
99 1048 170 1108 patet
190 1058 232 1108 per·
247 1045 333 1097 lurmrm
358 1045 490 1098 idololatriae
511 1048 627 1108 superiora
652 1045 805 1109 inicientis),
820 1049 845 1096 et

32 1113 103 1162 etiam
118 1115 133 1164 a
146 1116 308 1180 corruptione,
322 1118 375 1180 qnia
389 1118 503 1168 elementa
526 1117 649 1168 secundnm
669 1131 749 1168 omnes
767 1122 843 1182 partes

32 1184 68 1234 sni
92 1187 254 1251 corruptibilia
277 1189 398 1239 suntsed
418 1191 468 1248 hec
488 1189 565 1253 opinio
584 1194 695 1255 repugnat
713 1188 843 1240 auctoritati

33 1255 176 1321 scripturae.
191 1259 248 1317 Quia
261 1261 290 1310 ll.
305 1262 385 1316 Patr..
401 1261 432 1311 lll
441 1297 448 1322 ,
464 1261 545 1312 dicitur
563 1259 623 1324 qubd
636 1261 650 1308 ιι
666 1261 700 1310 illi
711 1260 762 1310 ooeli
777 1272 842 1322 repn-

33 1327 73 1376 siti
84 1335 144 1380 sunt
158 1331 221 1394 igni,
237 1331 276 1394 qui
289 1331 382 1384 luerunt
394 1345 434 1396 per
449 1345 531 1396 aquarn
545 1333 651 1396 purgati;
667 1349 680 1380 ιι
696 1335 720 1382 et
734 1331 843 1394 Augusti-

34 1412 77 1450 nus
88 1401 164 1463 dicit
176 1401 227 1452 XX.
241 1405 276 1452 De
292 1405 371 1454 Civit.
391 1407 437 1454 Dei
452 1407 512 1468 (cap
525 1405 581 1470 lb),
595 1405 655 1468 qubd
672 1421 685 1451 ιι
696 1403 734 1454 ille
748 1403 844 1452 mundus

33 1473 73 1533 uui
85 1473 178 1526 diluvio
189 1473 273 1538 periit,
283 1475 331 1540 igni
342 1481 481 1528 reservatur
491 1493 505 1524 ι
517 1477 614 1528 Constat
626 1491 654 1528 au
657 1480 702 1526 tem
714 1471 773 1538 qubd
786 1485 845 1538 aqua

35 1543 118 1595 diluvii
132 1559 181 1596 non
192 1547 294 1598 aseendit
306 1562 377 1611 usque
387 1549 415 1600 ed
425 1547 580 1600 summitatem
590 1547 659 1612 spatii
670 1548 843 1608 elementorum,

34 1617 73 1665 sed
85 1611 166 1668 solum
180 1631 253 1682 usque
264 1620 291 1669 ad
304 1616 433 1681 q'uindecim
450 1619 537 1670 cubitos
554 1633 622 1684 super
639 1619 771 1669 altitudines
781 1630 844 1666 mon

31 1687 102 1738 tium.
117 1690 149 1739 Et
161 1694 279 1754 preterea,
291 1695 369 1742 notum
379 1695 414 1742 est
423 1691 484 1754 qudd
497 1704 594 1755 vapores
609 1689 693 1743 elevati
706 1689 719 1740 d
731 1693 798 1750 terra,
806 1689 845 1738 uel

35 1759 92 1809 lumi
101 1761 244 1826 quicumque
254 1774 300 1812 non
311 1768 408 1826 possunt
420 1763 560 1827 pertransire
570 1767 643 1814 totam
654 1759 778 1826 spheram
773 1773 844 1823 ignis,

34 1835 61 1878 ut
83 1834 224 1896 pervenient
244 1835 271 1886 ad
289 1834 443 1888 summitatem
462 1836 534 1896 ejus:
552 1839 575 1886 et
589 1835 620 1884 ita
639 1835 733 1885 iniectio
755 1831 846 1898 peccati

37 1915 82 1952 non
96 1905 204 1968 pervenit
218 1920 290 1968 usque
304 1909 331 1958 ad
350 1907 448 1971 spatium
464 1907 606 1970 predictum.
620 1908 638 1956 Α
655 1903 844 1970 corruptibilitate

37 1975 106 2026 etiam
121 1977 237 2030 elementa
249 1991 296 2028 non
307 1981 403 2042 possunt
410 1978 502 2043 purgari
509 1991 550 2042 per
557 1977 734 2028 subtractionem
744 1974 845 2036 alicujus

36 2049 96 2108 quod
110 2043 154 2113 per
164 2049 238 2112 ignem
249 2049 321 2113 possit
335 2049 439 2100 consumi
450 2087 457 2112 ,
467 2051 509 2105 sed·
522 2049 650 2114 perignem
664 2050 774 2113 poterunt
787 2058 843 2125 eon-

38 2120 98 2168 sumi
117 2119 262 2183 impuritates
287 2121 517 2185 elementorumque
542 2134 570 2172 en
591 2133 671 2171 eorum
692 2117 844 2184 permixtione

38 2191 189 2250 proveniunt.
202 2190 339 2256 Huiusmodi
352 2196 428 2242 autern
436 2191 579 2256 impuritates
589 2189 705 2256 precipue
719 2192 773 2240 sunt
785 2187 847 2238 circa

37 2262 120 2312 terram
137 2276 209 2326 usqne
226 2265 254 2314 ad
272 2263 371 2315 medium
386 2264 444 2314 aeris
452 2264 628 2321 interstitium·
647 2263 707 2312 unde
722 2272 795 2322 usque
817 2259 846 2310 ad

39 2331 94 2382 illud
107 2333 227 2414 spatium
221 2333 281 2398 ignis
294 2335 334 2383 ιιι·
318 2338 380 2385 trmae
393 2335 577 2399 conflagrationis
591 2335 705 2384 elementa
719 2329 841 2395 purgabit3

39 2405 130 2456 tanturn
141 2404 204 2456 enim
217 2419 281 2470 aquen
290 2405 371 2457 diluuii
380 2408 541 2457 ascenderunt.
552 2405 617 2466 Quod
626 2403 775 2468 probabiliter
783 2400 846 2452 aeti-

41 2477 97 2526 nari
113 2479 189 2542 potest
199 2476 348 2529 curmontium
359 2476 478 2530 altitudine
488 2516 494 2542 ‚
504 2490 563 2542 ques
574 2473 728 2528 determinati
741 2456 848 2523 mensura

40 2547 235 2600 transcenderant.

71 2621 105 2670 bd
121 2621 219 2684 primum
233 2633 288 2683 ergo
301 2620 458 2672 oenoedimne.

71 2693 104 2742 nd
123 2694 249 2744 secundum
264 2690 385 2742 dicendum
393 2729 402 2755 ‚
414 2692 476 2755 qubd
494 2693 551 2744 ratio
565 2691 714 2746 dubitationis
727 2689 753 2740 in
766 2687 848 2740 Glossa

43 2762 187 2825 exprimitur,
206 2765 259 2827 qnia
273 2761 360 2814 scilieet
373 2777 431 2826 aqua
446 2763 517 2814 «viru
531 2763 674 2829 purgationis
687 2763 747 2814 inse
760 2761 845 2814 babere

43 2835 154 2896 creditum
166 2851 180 2882 ι
191 2838 322 2888 nontamen
333 2835 403 2886 babet
412 2835 458 2885 vim
467 2835 607 2900 purgationis
616 2836 677 2898 talis,
686 2833 761 2898 qualis
771 2833 847 2884 loturo

45 2905 110 2958 statu
118 2906 269 2975 compellent
277 2921 304 2962 ex
312 2906 504 2972 uictispatetprt.
512 2907 572 2976 2,ad
579 2914 604 2974 ι,
612 2911 635 2963 et
642 2911 685 2959 art.
697 2911 721 2971 b,
728 2904 844 2970 interp).
