1970 3326
94 217 121 267 tt*
245 223 446 277 snrrmmnnrnn,
462 227 555 272 numer.
573 228 626 276 ιιι,
643 217 698 264 ιιι.
715 227 750 263 ιιι.

95 305 239 370 permotum
252 295 374 368 praeceptiss
392 302 448 354 aliis
458 301 554 366 quilibet
564 303 633 352 homo
644 301 781 364 obligaretur
795 301 823 350 ari
837 301 901 365 agri·

90 377 220 438 cultorem,
235 379 258 426 et
269 374 454 436 edificatoriam,
469 377 492 424 ct
507 373 534 424 ari
545 372 676 436 hujusmodi
692 371 766 422 oiiicia
780 385 831 434 que
843 377 902 424 snut

95 447 223 497 necessaria
237 445 395 497 communitati
408 446 521 496 inmane.
536 444 582 496 Seri
601 443 742 494 inclinationi
759 447 847 494 naturae
860 454 905 493 sa·
976 451 977 462 ¹

92 517 160 580 licit,
173 517 223 567 cium
237 531 278 581 per
289 515 392 566 diuersos
405 515 494 566 diversa
508 516 536 565 dc
550 514 666 578 predictis
674 513 826 578 complentur.
839 513 903 564 crim

93 601 149 651 ergo
166 589 195 638 ad
213 589 375 653 perfectionem
398 588 503 637 humanae
519 585 671 636 multitudinis
694 586 725 634 sit
745 583 903 636 necessarium
976 607 977 634 3

90 659 184 723 aliquos
202 659 384 724 contemplative
398 658 451 708 ritae
465 657 592 715 inseruire,
606 669 658 718 que
677 653 776 704 maximi
790 667 831 718 pec
845 667 903 706 rna-

93 730 227 782 trimoninm
245 731 383 796 impeditur,
397 729 512 780 inclinatio
527 728 654 778 nomenari
668 725 837 775 matrimonium
849 738 902 777 non
976 731 977 736 ’

94 801 181 865 obligat
199 803 349 866 permotum
371 798 576 865 praeeminentiam
597 796 720 848 secundino
738 797 901 861 philosophos.

93 872 160 924 itudo
173 873 342 938 Theophrastus
361 871 441 935 prohat
459 868 520 936 quod
537 867 659 934 «sapienti
679 879 726 918 non
738 867 831 931 expedit
848 881 904 920 uu·
975 885 977 922 r

94 941 160 994 ltere.
174 956 188 992 t>

127 1015 162 1064 ld
179 1014 276 1077 primum
288 1025 342 1078 ergo
353 1005 488 1073 dicendum,
507 1009 568 1076 quot
578 1013 719 1074 preceptum
730 1007 785 1059 illuri
800 1021 846 1060 nou
860 1015 903 1062 eet
976 1019 977 1024 ’

93 1089 243 1147 reuocatum,
259 1098 302 1135 nec
320 1088 398 1134 tamen
419 1084 504 1146 obligat
528 1094 724 1148 unumquemque,
744 1079 831 1130 ratione
848 1081 904 1144 jam
976 1091 977 1108 ¹

91 1155 172 1218 mota,
183 1155 229 1206 nisi
246 1156 286 1206 illo
305 1159 409 1218 tempore
423 1167 469 1219 qno
485 1153 591 1218 paucitas
608 1153 725 1205 hominum
742 1151 860 1216 exigebat,
875 1158 906 1204 ut
976 1197 977 1210 ,

91 1226 196 1290 quilibet
204 1225 345 1290 generationi
358 1231 457 1276 vocaret.
976 1233 977 1242 ¹

128 1298 162 1349 Ad
174 1299 301 1350 secuudum
315 1301 339 1348 et
351 1296 442 1346 tertium
462 1299 527 1360 potet
544 1295 628 1346 solutio
645 1308 674 1347 er
684 1295 759 1346 dictis.

104 1369 163 1419 »md
181 1361 285 1434 quantiam
303 1367 442 1426 licendum,
458 1367 519 1431 quod
533 1371 614 1416 natura
631 1367 731 1416 hnmana
748 1364 906 1420 communiter·
976 1359 977 1366 ’

95 1439 125 1489 ari
142 1439 233 1495 diuersa
253 1438 329 1489 oiilcia
341 1443 366 1488 ot
382 1443 447 1488 actus
461 1437 573 1499 inclinat,
588 1440 615 1487 ut
627 1437 675 1501 jam
689 1437 775 1486 dictum
788 1433 905 1490 censeri

92 1509 150 1572 nnio
167 1513 203 1559 est
216 1508 367 1560 diversimodt
377 1508 402 1558 iu
413 1509 525 1570 dirersis,
536 1507 659 1560 secundum
670 1505 730 1571 quod
743 1506 906 1560 indiririnntur
975 1539 977 1576 p

71 1585 72 1589 ’
93 1579 120 1629 in
134 1581 178 1630 iroc
189 1581 225 1630 rel
238 1579 263 1629 in
276 1580 330 1642 iilo,
341 1593 411 1630 unum
427 1581 500 1644 magis
513 1580 607 1630 inclinat
622 1581 649 1630 ari
664 1593 733 1629 unum
748 1578 904 1630 illornmol'il-

95 1649 191 1712 ciorum,
207 1655 230 1700 et
243 1649 305 1700 aliud
319 1650 391 1713 magis
402 1651 430 1700 ad
442 1651 518 1715 aliud,
530 1664 559 1701 cr
569 1650 702 1701 diversitate
716 1649 903 1714 complexionum

92 1719 237 1771 diuersorum
257 1720 437 1772 individuorum.
451 1723 484 1771 m
497 1735 529 1772 ox
542 1724 586 1772 trac
602 1721 750 1782 diversitate,
766 1720 833 1769 simul
846 1733 902 1772 cum

92 1790 173 1840 divina
182 1791 336 1854 providentia,
349 1793 486 1856 quaomnia
498 1794 636 1852 moderatur,
646 1791 757 1854 contingit
766 1789 827 1853 qnod
838 1803 903 1844 unm
976 1815 977 1824 ι

95 1860 165 1925 eligat
179 1875 249 1911 unum
260 1863 371 1921 cilicium,
382 1867 408 1912 ut
417 1865 575 1927 agricultorem
578 1900 586 1926 ‚
596 1863 655 1913 aliun
662 1864 733 1913 alind.
746 1863 775 1916 itt
785 1861 900 1914 sitellam

95 1931 208 1994 contingit
220 1931 280 1995 quid
299 1933 390 1995 quidam
404 1934 490 1996 eligant
505 1934 691 1984 matrimonialem
708 1933 792 1994 vitam,
808 1933 899 1997 etqui·
976 1987 977 1990 ,

96 2004 147 2053 dam
161 2003 374 2068 contemplativam
391 2005 451 2054 uude
464 2005 550 2055 nullum
569 2004 696 2070 periculum
706 2005 821 2055 imminet.
976 1997 977 2006 ’

389 2181 548 2234 numenius
564 2183 604 2234 111.

268 2307 354 2354 Utrum
363 2309 430 2352 uotrta
438 2307 588 2351 matrimonii
597 2307 628 2352 ott
638 2306 727 2353 tinient.

129 2435 162 2484 ld
171 2432 262 2484 tertium
277 2433 310 2484 sic
322 2434 452 2497 proceditur
462 2431 508 2497 (l).
523 2433 617 2484 Videtur
629 2434 689 2497 nuto
704 2438 768 2485 actus
777 2433 899 2485 matrimo-
976 2477 977 2484 a

96 2503 165 2555 nielie
182 2517 273 2568 semper
283 2505 313 2556 sit
327 2511 452 2568 peccatum.
463 2504 548 2555 Dicitur
563 2505 624 2556 enim
638 2507 657 2556 i.
672 2507 810 2566 Cor.,ilil:
825 2505 897 2564 «Qui
976 2529 977 2568 r

94 2575 200 2639 romunt,
214 2575 262 2626 sint
273 2580 380 2640 nuquam
396 2588 442 2626 non
453 2575 575 2626 nubentes.
585 2591 599 2624 n
609 2576 654 2628 Sed
667 2589 713 2628 non
726 2577 838 2626 nubentes
847 2589 897 2626 non

92 2649 289 2728 exercentactum
307 2646 502 2698 matrimonialem.
519 2648 578 2711 Ergo
594 2647 663 2697 etiam
676 2648 788 2698 nubentes
798 2650 899 2710 peccam

93 2718 299 2853 mssctgrraelloiea’
315 2790 390 2849 irat,
400 2789 450 2840 Llli
468 2805 475 2840 z
492 2806 506 2838 u
521 2789 654 2854 iniquitaten
673 2793 755 2840 ventre
770 2787 898 2839 utiterum

127 2930 161 2996 (l)
176 2937 209 2982 lle
219 2935 255 2982 nir
264 2937 334 2984 etiam
350 2935 443 2982 contro
455 2935 537 2984 Garat..
549 2935 594 2982 lio.
606 2933 654 2992 111,
670 2941 724 2990 cap.
738 2930 796 2978 ten.
