<?xml version="1.0" encoding="UTF-8"?>
<!DOCTYPE html PUBLIC "-//W3C//DTD XHTML 1.0 Transitional//EN"
    "http://www.w3.org/TR/xhtml1/DTD/xhtml1-transitional.dtd">
<html xmlns="http://www.w3.org/1999/xhtml" xml:lang="en" lang="en">
 <head>
  <title>
</title>
<meta http-equiv="Content-Type" content="text/html;charset=utf-8" />
  <meta name='ocr-system' content='tesseract 3.04.00' />
  <meta name='ocr-capabilities' content='ocr_page ocr_carea ocr_par ocr_line ocrx_word'/>
</head>
<body>
  <div class='ocr_page' id='page_1' title='image "./summatheologica06nicogoog_0432.png"; bbox 0 0 1924 3322; ppageno 0'>
   <div class='ocr_carea' id='block_1_1' title="bbox 114 101 775 162">
    <p class='ocr_par' dir='ltr' id='par_1_1' title="bbox 114 101 775 162">
     <span class='ocr_line' id='line_1_1' title="bbox 114 101 775 162; baseline 0.002 -13"><span class='ocrx_word' id='word_1_1' title='bbox 114 101 160 150; x_wconf 66' lang='lat' dir='ltr'><strong>trs</strong></span> <span class='ocrx_word' id='word_1_2' title='bbox 253 111 454 161; x_wconf 77' lang='lat' dir='ltr'><strong>succensuerunt,</strong></span> <span class='ocrx_word' id='word_1_3' title='bbox 470 111 562 156; x_wconf 85' lang='lat' dir='ltr'><strong>ouresr.</strong></span> <span class='ocrx_word' id='word_1_4' title='bbox 579 111 665 162; x_wconf 81' lang='lat' dir='ltr'><strong>uxrrx,</strong></span> <span class='ocrx_word' id='word_1_5' title='bbox 683 111 737 150; x_wconf 84' lang='lat' dir='ltr'><strong>arr.</strong></span> <span class='ocrx_word' id='word_1_6' title='bbox 756 113 775 150; x_wconf 91' lang='grc' dir='ltr'><strong>ι.</strong></span> 
     </span>
    </p>
   </div>
   <div class='ocr_carea' id='block_1_2' title="bbox 13 187 951 2829">
    <p class='ocr_par' dir='ltr' id='par_1_2' title="bbox 111 187 916 466">
     <span class='ocr_line' id='line_1_2' title="bbox 113 187 913 252; baseline -0.003 -12"><span class='ocrx_word' id='word_1_7' title='bbox 113 193 182 250; x_wconf 78' lang='lat' dir='ltr'><strong>dum,</strong></span> <span class='ocrx_word' id='word_1_8' title='bbox 192 199 238 240; x_wconf 90' lang='lat' dir='ltr'><strong>non</strong></span> <span class='ocrx_word' id='word_1_9' title='bbox 248 187 336 239; x_wconf 75' lang='lat' dir='ltr'><strong>distulit</strong></span> <span class='ocrx_word' id='word_1_10' title='bbox 350 188 537 240; x_wconf 79' lang='lat' dir='ltr'><strong>resurrectionem</strong></span> <span class='ocrx_word' id='word_1_11' title='bbox 547 201 611 239; x_wconf 90' lang='lat' dir='ltr'><strong>suam</strong></span> <span class='ocrx_word' id='word_1_12' title='bbox 623 201 696 252; x_wconf 85' lang='lat' dir='ltr'><strong>nsque</strong></span> <span class='ocrx_word' id='word_1_13' title='bbox 706 189 735 239; x_wconf 93' lang='lat' dir='ltr'><strong>ad</strong></span> <span class='ocrx_word' id='word_1_14' title='bbox 744 188 813 239; x_wconf 85' lang='lat' dir='ltr'><strong>tinem</strong></span> <span class='ocrx_word' id='word_1_15' title='bbox 823 187 913 249; x_wconf 83' lang='lat' dir='ltr'><strong>muudi,</strong></span> 
     </span>
     <span class='ocr_line' id='line_1_3' title="bbox 112 259 915 324; baseline -0.004 -11"><span class='ocrx_word' id='word_1_16' title='bbox 112 266 138 314; x_wconf 89' lang='lat' dir='ltr'><strong>nt</strong></span> <span class='ocrx_word' id='word_1_17' title='bbox 158 261 228 312; x_wconf 88' lang='lat' dir='ltr'><strong>simul</strong></span> <span class='ocrx_word' id='word_1_18' title='bbox 247 273 300 312; x_wconf 89' lang='lat' dir='ltr'><strong>cnm</strong></span> <span class='ocrx_word' id='word_1_19' title='bbox 317 259 422 312; x_wconf 88' lang='lat' dir='ltr'><strong>omuibus</strong></span> <span class='ocrx_word' id='word_1_20' title='bbox 441 263 580 324; x_wconf 85' lang='lat' dir='ltr'><strong>resurgeret.</strong></span> <span class='ocrx_word' id='word_1_21' title='bbox 597 261 655 324; x_wconf 83' lang='lat' dir='ltr'><strong>Ergo</strong></span> <span class='ocrx_word' id='word_1_22' title='bbox 675 273 722 310; x_wconf 90' lang='lat' dir='ltr'><strong>non</strong></span> <span class='ocrx_word' id='word_1_23' title='bbox 744 263 834 324; x_wconf 84' lang='lat' dir='ltr'><strong>oportet</strong></span> <span class='ocrx_word' id='word_1_24' title='bbox 852 260 915 323; x_wconf 82' lang='lat' dir='ltr'><strong>qudd</strong></span> 
     </span>
     <span class='ocr_line' id='line_1_4' title="bbox 111 331 916 398; baseline -0.002 -14"><span class='ocrx_word' id='word_1_25' title='bbox 111 333 210 398; x_wconf 88' lang='lat' dir='ltr'><strong>priorum</strong></span> <span class='ocrx_word' id='word_1_26' title='bbox 226 335 354 382; x_wconf 89' lang='lat' dir='ltr'><strong>sanctorum</strong></span> <span class='ocrx_word' id='word_1_27' title='bbox 369 331 504 382; x_wconf 89' lang='lat' dir='ltr'><strong>resurrectio</strong></span> <span class='ocrx_word' id='word_1_28' title='bbox 516 345 589 396; x_wconf 86' lang='lat' dir='ltr'><strong>usque</strong></span> <span class='ocrx_word' id='word_1_29' title='bbox 602 332 631 382; x_wconf 87' lang='lat' dir='ltr'><strong>ad</strong></span> <span class='ocrx_word' id='word_1_30' title='bbox 645 332 714 382; x_wconf 86' lang='lat' dir='ltr'><strong>tinere</strong></span> <span class='ocrx_word' id='word_1_31' title='bbox 729 331 810 381; x_wconf 90' lang='lat' dir='ltr'><strong>muudi</strong></span> <span class='ocrx_word' id='word_1_32' title='bbox 824 331 916 382; x_wconf 82' lang='lat' dir='ltr'><strong>ditiora·</strong></span> 
     </span>
     <span class='ocr_line' id='line_1_5' title="bbox 112 403 545 466; baseline -0.009 -11"><span class='ocrx_word' id='word_1_33' title='bbox 112 409 156 466; x_wconf 90' lang='lat' dir='ltr'><strong>tur,</strong></span> <span class='ocrx_word' id='word_1_34' title='bbox 170 407 196 454; x_wconf 87' lang='lat' dir='ltr'><strong>ut</strong></span> <span class='ocrx_word' id='word_1_35' title='bbox 206 403 274 454; x_wconf 90' lang='lat' dir='ltr'><strong>simui</strong></span> <span class='ocrx_word' id='word_1_36' title='bbox 283 417 335 453; x_wconf 92' lang='lat' dir='ltr'><strong>cnm</strong></span> <span class='ocrx_word' id='word_1_37' title='bbox 350 404 400 454; x_wconf 87' lang='lat' dir='ltr'><strong>aliis</strong></span> <span class='ocrx_word' id='word_1_38' title='bbox 414 407 545 466; x_wconf 83' lang='lat' dir='ltr'><strong>resurgant.</strong></span> 
     </span>
    </p>

    <p class='ocr_par' dir='ltr' id='par_1_3' title="bbox 110 472 918 1028">
     <span class='ocr_line' id='line_1_6' title="bbox 142 472 917 538; baseline 0.001 -13"><span class='ocrx_word' id='word_1_39' title='bbox 142 481 166 527; x_wconf 76' lang='lat'><strong>2.</strong></span> <span class='ocrx_word' id='word_1_40' title='bbox 185 479 314 536; x_wconf 78' lang='lat' dir='ltr'><strong>erotema,</strong></span> <span class='ocrx_word' id='word_1_41' title='bbox 334 475 467 526; x_wconf 88' lang='lat' dir='ltr'><strong>resurreetio</strong></span> <span class='ocrx_word' id='word_1_42' title='bbox 486 473 567 538; x_wconf 89' lang='lat' dir='ltr'><strong>eapitis</strong></span> <span class='ocrx_word' id='word_1_43' title='bbox 589 487 658 524; x_wconf 87' lang='lat' dir='ltr'><strong>causa</strong></span> <span class='ocrx_word' id='word_1_44' title='bbox 679 477 715 524; x_wconf 88' lang='lat' dir='ltr'><strong>est</strong></span> <span class='ocrx_word' id='word_1_45' title='bbox 738 472 917 526; x_wconf 86' lang='lat' dir='ltr'><strong>resurrectionis</strong></span> 
     </span>
     <span class='ocr_line' id='line_1_7' title="bbox 111 545 917 610; baseline -0.002 -12"><span class='ocrx_word' id='word_1_46' title='bbox 111 549 271 599; x_wconf 87' lang='lat' dir='ltr'><strong>membrorum.</strong></span> <span class='ocrx_word' id='word_1_47' title='bbox 293 547 337 598; x_wconf 87' lang='lat' dir='ltr'><strong>Sed</strong></span> <span class='ocrx_word' id='word_1_48' title='bbox 356 547 492 598; x_wconf 89' lang='lat' dir='ltr'><strong>resurrectio</strong></span> <span class='ocrx_word' id='word_1_49' title='bbox 511 546 659 610; x_wconf 87' lang='lat' dir='ltr'><strong>quorumdam</strong></span> <span class='ocrx_word' id='word_1_50' title='bbox 681 545 836 596; x_wconf 85' lang='lat' dir='ltr'><strong>membrorum</strong></span> <span class='ocrx_word' id='word_1_51' title='bbox 851 548 917 598; x_wconf 85' lang='lat' dir='ltr'><strong>nebi·</strong></span> 
     </span>
     <span class='ocr_line' id='line_1_8' title="bbox 110 617 918 684; baseline -0.001 -14"><span class='ocrx_word' id='word_1_52' title='bbox 110 619 179 684; x_wconf 86' lang='lat' dir='ltr'><strong>lium,</strong></span> <span class='ocrx_word' id='word_1_53' title='bbox 195 622 287 684; x_wconf 86' lang='lat' dir='ltr'><strong>propter</strong></span> <span class='ocrx_word' id='word_1_54' title='bbox 299 618 439 670; x_wconf 88' lang='lat' dir='ltr'><strong>uicinitatem</strong></span> <span class='ocrx_word' id='word_1_55' title='bbox 450 619 479 670; x_wconf 91' lang='lat' dir='ltr'><strong>ad</strong></span> <span class='ocrx_word' id='word_1_56' title='bbox 493 622 579 682; x_wconf 90' lang='lat' dir='ltr'><strong>caput,</strong></span> <span class='ocrx_word' id='word_1_57' title='bbox 598 631 644 668; x_wconf 91' lang='lat' dir='ltr'><strong>non</strong></span> <span class='ocrx_word' id='word_1_58' title='bbox 658 621 694 668; x_wconf 88' lang='lat' dir='ltr'><strong>ost</strong></span> <span class='ocrx_word' id='word_1_59' title='bbox 707 617 778 667; x_wconf 82' lang='lat' dir='ltr'><strong>ditata</strong></span> <span class='ocrx_word' id='word_1_60' title='bbox 798 631 875 682; x_wconf 86' lang='lat' dir='ltr'><strong>usque</strong></span> <span class='ocrx_word' id='word_1_61' title='bbox 890 619 918 669; x_wconf 87' lang='lat' dir='ltr'><strong>ad</strong></span> 
     </span>
     <span class='ocr_line' id='line_1_9' title="bbox 111 687 916 752; baseline -0.004 -12"><span class='ocrx_word' id='word_1_62' title='bbox 111 690 181 740; x_wconf 87' lang='lat' dir='ltr'><strong>finem</strong></span> <span class='ocrx_word' id='word_1_63' title='bbox 197 690 290 752; x_wconf 78' lang='lat' dir='ltr'><strong>mnndi,</strong></span> <span class='ocrx_word' id='word_1_64' title='bbox 301 690 342 740; x_wconf 90' lang='lat' dir='ltr'><strong>sed</strong></span> <span class='ocrx_word' id='word_1_65' title='bbox 355 690 431 739; x_wconf 88' lang='lat' dir='ltr'><strong>statim</strong></span> <span class='ocrx_word' id='word_1_66' title='bbox 449 688 639 740; x_wconf 78' lang='lat' dir='ltr'><strong>resurrectionem</strong></span> <span class='ocrx_word' id='word_1_67' title='bbox 656 687 743 738; x_wconf 81' lang='lat' dir='ltr'><strong>Christi</strong></span> <span class='ocrx_word' id='word_1_68' title='bbox 756 695 856 752; x_wconf 83' lang='lat' dir='ltr'><strong>sequuta</strong></span> <span class='ocrx_word' id='word_1_69' title='bbox 872 694 916 748; x_wconf 88' lang='lat' dir='ltr'><strong>est,</strong></span> 
     </span>
     <span class='ocr_line' id='line_1_10' title="bbox 112 759 916 824; baseline 0 -14"><span class='ocrx_word' id='word_1_70' title='bbox 112 760 171 810; x_wconf 85' lang='lat' dir='ltr'><strong>sicut</strong></span> <span class='ocrx_word' id='word_1_71' title='bbox 189 759 229 824; x_wconf 79' lang='lat' dir='ltr'><strong>pie</strong></span> <span class='ocrx_word' id='word_1_72' title='bbox 252 761 351 814; x_wconf 83' lang='lat' dir='ltr'><strong>creditur</strong></span> <span class='ocrx_word' id='word_1_73' title='bbox 369 761 479 812; x_wconf 84' lang='lat' dir='ltr'><strong>debeata</strong></span> <span class='ocrx_word' id='word_1_74' title='bbox 499 759 591 821; x_wconf 82' lang='lat' dir='ltr'><strong>Virgine</strong></span> <span class='ocrx_word' id='word_1_75' title='bbox 605 763 628 810; x_wconf 85' lang='lat' dir='ltr'><strong>et</strong></span> <span class='ocrx_word' id='word_1_76' title='bbox 647 760 733 809; x_wconf 73' lang='lat' dir='ltr'><strong>Ioanne</strong></span> <span class='ocrx_word' id='word_1_77' title='bbox 758 759 916 823; x_wconf 81' lang='lat' dir='ltr'><strong>Euangelista.</strong></span> 
     </span>
     <span class='ocr_line' id='line_1_11' title="bbox 111 829 918 896; baseline 0.001 -15"><span class='ocrx_word' id='word_1_78' title='bbox 111 833 172 896; x_wconf 81' lang='lat' dir='ltr'><strong>Ergo</strong></span> <span class='ocrx_word' id='word_1_79' title='bbox 190 835 214 881; x_wconf 87' lang='lat' dir='ltr'><strong>et</strong></span> <span class='ocrx_word' id='word_1_80' title='bbox 227 831 321 882; x_wconf 86' lang='lat' dir='ltr'><strong>alierum</strong></span> <span class='ocrx_word' id='word_1_81' title='bbox 341 831 474 882; x_wconf 81' lang='lat' dir='ltr'><strong>resurreetio</strong></span> <span class='ocrx_word' id='word_1_82' title='bbox 493 829 557 880; x_wconf 87' lang='lat' dir='ltr'><strong>tantd</strong></span> <span class='ocrx_word' id='word_1_83' title='bbox 573 830 720 894; x_wconf 81' lang='lat' dir='ltr'><strong>propinquior</strong></span> <span class='ocrx_word' id='word_1_84' title='bbox 736 830 781 880; x_wconf 84' lang='lat' dir='ltr'><strong>erit</strong></span> <span class='ocrx_word' id='word_1_85' title='bbox 801 843 918 882; x_wconf 89' lang='lat' dir='ltr'><strong>resurrec-</strong></span> 
     </span>
     <span class='ocr_line' id='line_1_12' title="bbox 113 901 918 967; baseline -0.001 -13"><span class='ocrx_word' id='word_1_86' title='bbox 113 902 170 955; x_wconf 88' lang='lat' dir='ltr'><strong>tioni</strong></span> <span class='ocrx_word' id='word_1_87' title='bbox 180 903 279 966; x_wconf 80' lang='lat' dir='ltr'><strong>Chdsti,</strong></span> <span class='ocrx_word' id='word_1_88' title='bbox 289 901 425 967; x_wconf 83' lang='lat' dir='ltr'><strong>quanto-per</strong></span> <span class='ocrx_word' id='word_1_89' title='bbox 434 903 530 966; x_wconf 88' lang='lat' dir='ltr'><strong>gmtiam</strong></span> <span class='ocrx_word' id='word_1_90' title='bbox 546 905 570 951; x_wconf 86' lang='lat' dir='ltr'><strong>et</strong></span> <span class='ocrx_word' id='word_1_91' title='bbox 583 903 691 952; x_wconf 90' lang='lat' dir='ltr'><strong>meritum</strong></span> <span class='ocrx_word' id='word_1_92' title='bbox 706 903 779 965; x_wconf 87' lang='lat' dir='ltr'><strong>magis</strong></span> <span class='ocrx_word' id='word_1_93' title='bbox 792 903 815 954; x_wconf 90' lang='lat' dir='ltr'><strong>ei</strong></span> <span class='ocrx_word' id='word_1_94' title='bbox 830 902 918 954; x_wconf 83' lang='lat' dir='ltr'><strong>fuerint</strong></span> 
     </span>
     <span class='ocr_line' id='line_1_13' title="bbox 113 975 643 1028; baseline 0.004 -2"><span class='ocrx_word' id='word_1_95' title='bbox 113 975 250 1026; x_wconf 80' lang='lat' dir='ltr'><strong>conformes.</strong></span> <span class='ocrx_word' id='word_1_96' title='bbox 515 1019 516 1022; x_wconf 62' lang='grc'>,</span> <span class='ocrx_word' id='word_1_97' title='bbox 575 991 576 994; x_wconf 69' lang='grc'>’</span> <span class='ocrx_word' id='word_1_98' title='bbox 641 1025 643 1028; x_wconf 89' lang='grc'>.</span> 
     </span>
    </p>

    <p class='ocr_par' dir='ltr' id='par_1_4' title="bbox 112 1046 918 1326">
     <span class='ocr_line' id='line_1_14' title="bbox 146 1046 918 1110; baseline 0.004 -14"><span class='ocrx_word' id='word_1_99' title='bbox 146 1052 168 1098; x_wconf 82' lang='grc'><strong>3.</strong></span> <span class='ocrx_word' id='word_1_100' title='bbox 179 1050 302 1108; x_wconf 81' lang='lat' dir='ltr'><strong>Praeterea,</strong></span> <span class='ocrx_word' id='word_1_101' title='bbox 314 1050 387 1098; x_wconf 89' lang='lat' dir='ltr'><strong>status</strong></span> <span class='ocrx_word' id='word_1_102' title='bbox 396 1047 450 1096; x_wconf 88' lang='lat' dir='ltr'><strong>novi</strong></span> <span class='ocrx_word' id='word_1_103' title='bbox 460 1047 601 1098; x_wconf 72' lang='lat' dir='ltr'><strong>testamenti</strong></span> <span class='ocrx_word' id='word_1_104' title='bbox 613 1049 647 1097; x_wconf 90' lang='lat' dir='ltr'><strong>est</strong></span> <span class='ocrx_word' id='word_1_105' title='bbox 656 1046 779 1110; x_wconf 77' lang='lat' dir='ltr'><strong>perfectior</strong></span> <span class='ocrx_word' id='word_1_106' title='bbox 788 1049 812 1096; x_wconf 85' lang='lat' dir='ltr'><strong>et</strong></span> <span class='ocrx_word' id='word_1_107' title='bbox 823 1060 918 1110; x_wconf 82' lang='lat' dir='ltr'><strong>expres·</strong></span> 
     </span>
     <span class='ocr_line' id='line_1_15' title="bbox 113 1118 917 1184; baseline -0.002 -14"><span class='ocrx_word' id='word_1_108' title='bbox 113 1118 160 1170; x_wconf 88' lang='lat' dir='ltr'><strong>sids</strong></span> <span class='ocrx_word' id='word_1_109' title='bbox 172 1123 248 1184; x_wconf 88' lang='lat' dir='ltr'><strong>portat</strong></span> <span class='ocrx_word' id='word_1_110' title='bbox 262 1119 384 1184; x_wconf 89' lang='lat' dir='ltr'><strong>imaginem</strong></span> <span class='ocrx_word' id='word_1_111' title='bbox 394 1119 494 1181; x_wconf 82' lang='lat' dir='ltr'><strong>Christi,</strong></span> <span class='ocrx_word' id='word_1_112' title='bbox 505 1119 572 1183; x_wconf 80' lang='lat' dir='ltr'><strong>quim</strong></span> <span class='ocrx_word' id='word_1_113' title='bbox 581 1120 655 1168; x_wconf 87' lang='lat' dir='ltr'><strong>status</strong></span> <span class='ocrx_word' id='word_1_114' title='bbox 665 1118 750 1170; x_wconf 86' lang='lat' dir='ltr'><strong>ueteris</strong></span> <span class='ocrx_word' id='word_1_115' title='bbox 763 1119 917 1170; x_wconf 82' lang='lat' dir='ltr'><strong>Testamenti.</strong></span> 
     </span>
     <span class='ocr_line' id='line_1_16' title="bbox 112 1190 918 1256; baseline 0.002 -16"><span class='ocrx_word' id='word_1_116' title='bbox 112 1191 157 1241; x_wconf 86' lang='lat' dir='ltr'><strong>Sed</strong></span> <span class='ocrx_word' id='word_1_117' title='bbox 167 1193 243 1256; x_wconf 87' lang='lat' dir='ltr'><strong>piures</strong></span> <span class='ocrx_word' id='word_1_118' title='bbox 256 1193 335 1242; x_wconf 89' lang='lat' dir='ltr'><strong>Patres</strong></span> <span class='ocrx_word' id='word_1_119' title='bbox 357 1190 440 1240; x_wconf 83' lang='lat' dir='ltr'><strong>veteris</strong></span> <span class='ocrx_word' id='word_1_120' title='bbox 460 1191 600 1241; x_wconf 81' lang='lat' dir='ltr'><strong>Testamenti</strong></span> <span class='ocrx_word' id='word_1_121' title='bbox 613 1191 704 1240; x_wconf 84' lang='lat' dir='ltr'><strong>christo</strong></span> <span class='ocrx_word' id='word_1_122' title='bbox 718 1195 869 1254; x_wconf 81' lang='lat' dir='ltr'><strong>resurgente,</strong></span> <span class='ocrx_word' id='word_1_123' title='bbox 883 1205 918 1242; x_wconf 90' lang='lat' dir='ltr'><strong>re-</strong></span> 
     </span>
     <span class='ocr_line' id='line_1_17' title="bbox 112 1260 918 1326; baseline 0 -14"><span class='ocrx_word' id='word_1_124' title='bbox 112 1264 275 1326; x_wconf 82' lang='lat' dir='ltr'><strong>surrexerunt,</strong></span> <span class='ocrx_word' id='word_1_125' title='bbox 291 1262 349 1312; x_wconf 91' lang='lat' dir='ltr'><strong>sicut</strong></span> <span class='ocrx_word' id='word_1_126' title='bbox 361 1261 444 1311; x_wconf 90' lang='lat' dir='ltr'><strong>dicitur</strong></span> <span class='ocrx_word' id='word_1_127' title='bbox 457 1261 563 1321; x_wconf 76' lang='lat' dir='ltr'><strong>Meton,</strong></span> <span class='ocrx_word' id='word_1_128' title='bbox 572 1261 665 1324; x_wconf 76' lang='lat' dir='ltr'><strong>xxvii,</strong></span> <span class='ocrx_word' id='word_1_129' title='bbox 680 1260 740 1324; x_wconf 85' lang='lat' dir='ltr'><strong>qudd</strong></span> <span class='ocrx_word' id='word_1_130' title='bbox 756 1278 770 1309; x_wconf 88' lang='lat' dir='ltr'><strong>u</strong></span> <span class='ocrx_word' id='word_1_131' title='bbox 784 1261 858 1310; x_wconf 86' lang='lat' dir='ltr'><strong>multa</strong></span> <span class='ocrx_word' id='word_1_132' title='bbox 869 1275 918 1312; x_wconf 89' lang='lat' dir='ltr'><strong>eor·</strong></span> 
     </span>
    </p>

    <p class='ocr_par' dir='ltr' id='par_1_5' title="bbox 13 1332 918 1539">
     <span class='ocr_line' id='line_1_18' title="bbox 13 1332 918 1398; baseline 0.004 -18"><span class='ocrx_word' id='word_1_133' title='bbox 13 1367 20 1380; x_wconf 84' lang='lat'>.</span> <span class='ocrx_word' id='word_1_134' title='bbox 111 1347 166 1398; x_wconf 87' lang='lat' dir='ltr'><strong>pora</strong></span> <span class='ocrx_word' id='word_1_135' title='bbox 179 1338 322 1394; x_wconf 86' lang='lat' dir='ltr'><strong>sanctorum,</strong></span> <span class='ocrx_word' id='word_1_136' title='bbox 335 1333 374 1397; x_wconf 86' lang='lat' dir='ltr'><strong>qui</strong></span> <span class='ocrx_word' id='word_1_137' title='bbox 388 1332 539 1393; x_wconf 83' lang='lat' dir='ltr'><strong>dormierant,</strong></span> <span class='ocrx_word' id='word_1_138' title='bbox 554 1339 735 1383; x_wconf 86' lang='lat' dir='ltr'><strong>resurrexerunt.</strong></span> <span class='ocrx_word' id='word_1_139' title='bbox 752 1349 766 1380; x_wconf 88' lang='grc' dir='ltr'><strong>ιι</strong></span> <span class='ocrx_word' id='word_1_140' title='bbox 781 1333 841 1396; x_wconf 87' lang='lat' dir='ltr'><strong>Ergo</strong></span> <span class='ocrx_word' id='word_1_141' title='bbox 854 1335 918 1384; x_wconf 75' lang='lat' dir='ltr'><strong>uide</strong></span> 
     </span>
     <span class='ocr_line' id='line_1_19' title="bbox 111 1403 918 1468; baseline -0.001 -14"><span class='ocrx_word' id='word_1_142' title='bbox 111 1409 147 1454; x_wconf 89' lang='lat' dir='ltr'><strong>tur</strong></span> <span class='ocrx_word' id='word_1_143' title='bbox 161 1404 223 1468; x_wconf 82' lang='lat' dir='ltr'><strong>qnod</strong></span> <span class='ocrx_word' id='word_1_144' title='bbox 237 1418 279 1455; x_wconf 90' lang='lat' dir='ltr'><strong>nec</strong></span> <span class='ocrx_word' id='word_1_145' title='bbox 300 1407 429 1455; x_wconf 87' lang='lat' dir='ltr'><strong>sanctorum</strong></span> <span class='ocrx_word' id='word_1_146' title='bbox 443 1403 498 1454; x_wconf 89' lang='lat' dir='ltr'><strong>noui</strong></span> <span class='ocrx_word' id='word_1_147' title='bbox 514 1403 654 1454; x_wconf 86' lang='lat' dir='ltr'><strong>Testamenti</strong></span> <span class='ocrx_word' id='word_1_148' title='bbox 670 1403 807 1453; x_wconf 89' lang='lat' dir='ltr'><strong>resurrectio</strong></span> <span class='ocrx_word' id='word_1_149' title='bbox 829 1404 918 1455; x_wconf 84' lang='lat' dir='ltr'><strong>diderri</strong></span> 
     </span>
     <span class='ocr_line' id='line_1_20' title="bbox 111 1473 811 1539; baseline -0.001 -13"><span class='ocrx_word' id='word_1_150' title='bbox 111 1476 192 1526; x_wconf 86' lang='lat' dir='ltr'><strong>debent</strong></span> <span class='ocrx_word' id='word_1_151' title='bbox 206 1489 278 1539; x_wconf 84' lang='lat' dir='ltr'><strong>usqne</strong></span> <span class='ocrx_word' id='word_1_152' title='bbox 292 1476 320 1524; x_wconf 90' lang='lat' dir='ltr'><strong>ad</strong></span> <span class='ocrx_word' id='word_1_153' title='bbox 334 1474 402 1524; x_wconf 88' lang='lat' dir='ltr'><strong>finem</strong></span> <span class='ocrx_word' id='word_1_154' title='bbox 416 1473 495 1524; x_wconf 89' lang='lat' dir='ltr'><strong>mundi</strong></span> <span class='ocrx_word' id='word_1_155' title='bbox 505 1511 511 1535; x_wconf 91' lang='lat'><strong>,</strong></span> <span class='ocrx_word' id='word_1_156' title='bbox 521 1475 547 1524; x_wconf 94' lang='lat' dir='ltr'><strong>ut</strong></span> <span class='ocrx_word' id='word_1_157' title='bbox 560 1474 599 1524; x_wconf 83' lang='lat' dir='ltr'><strong>det</strong></span> <span class='ocrx_word' id='word_1_158' title='bbox 612 1474 715 1524; x_wconf 92' lang='lat' dir='ltr'><strong>omnium</strong></span> <span class='ocrx_word' id='word_1_159' title='bbox 733 1473 811 1525; x_wconf 87' lang='lat' dir='ltr'><strong>simut.</strong></span> 
     </span>
    </p>

    <p class='ocr_par' dir='ltr' id='par_1_6' title="bbox 111 1545 919 1896">
     <span class='ocr_line' id='line_1_21' title="bbox 144 1545 918 1611; baseline -0.003 -13"><span class='ocrx_word' id='word_1_160' title='bbox 144 1551 167 1598; x_wconf 85' lang='lat' dir='ltr'><strong>t.</strong></span> <span class='ocrx_word' id='word_1_161' title='bbox 188 1548 316 1611; x_wconf 81' lang='lat' dir='ltr'><strong>Preterea,</strong></span> <span class='ocrx_word' id='word_1_162' title='bbox 330 1549 382 1610; x_wconf 92' lang='lat' dir='ltr'><strong>post</strong></span> <span class='ocrx_word' id='word_1_163' title='bbox 403 1546 471 1596; x_wconf 85' lang='lat' dir='ltr'><strong>tinem</strong></span> <span class='ocrx_word' id='word_1_164' title='bbox 491 1545 570 1596; x_wconf 89' lang='lat' dir='ltr'><strong>mnudi</strong></span> <span class='ocrx_word' id='word_1_165' title='bbox 583 1559 629 1596; x_wconf 90' lang='lat' dir='ltr'><strong>uon</strong></span> <span class='ocrx_word' id='word_1_166' title='bbox 643 1546 687 1596; x_wconf 87' lang='lat' dir='ltr'><strong>erit</strong></span> <span class='ocrx_word' id='word_1_167' title='bbox 706 1546 789 1610; x_wconf 89' lang='lat' dir='ltr'><strong>aliquis</strong></span> <span class='ocrx_word' id='word_1_168' title='bbox 803 1559 918 1598; x_wconf 88' lang='lat' dir='ltr'><strong>annorum</strong></span> 
     </span>
     <span class='ocr_line' id='line_1_22' title="bbox 111 1617 918 1684; baseline -0.002 -14"><span class='ocrx_word' id='word_1_169' title='bbox 111 1633 228 1670; x_wconf 86' lang='lat' dir='ltr'><strong>numerus.</strong></span> <span class='ocrx_word' id='word_1_170' title='bbox 244 1619 287 1669; x_wconf 83' lang='lat' dir='ltr'><strong>Sed</strong></span> <span class='ocrx_word' id='word_1_171' title='bbox 300 1621 355 1683; x_wconf 90' lang='lat' dir='ltr'><strong>post</strong></span> <span class='ocrx_word' id='word_1_172' title='bbox 374 1617 562 1669; x_wconf 84' lang='lat' dir='ltr'><strong>resurrectionem</strong></span> <span class='ocrx_word' id='word_1_173' title='bbox 576 1621 716 1668; x_wconf 89' lang='lat' dir='ltr'><strong>mortuorum</strong></span> <span class='ocrx_word' id='word_1_174' title='bbox 731 1619 806 1668; x_wconf 85' lang='lat' dir='ltr'><strong>adduc</strong></span> <span class='ocrx_word' id='word_1_175' title='bbox 821 1632 918 1684; x_wconf 90' lang='lat' dir='ltr'><strong>compu-</strong></span> 
     </span>
     <span class='ocr_line' id='line_1_23' title="bbox 111 1687 919 1754; baseline -0.005 -12"><span class='ocrx_word' id='word_1_176' title='bbox 111 1697 189 1742; x_wconf 89' lang='lat' dir='ltr'><strong>tnutur</strong></span> <span class='ocrx_word' id='word_1_177' title='bbox 206 1691 271 1742; x_wconf 88' lang='lat' dir='ltr'><strong>multi</strong></span> <span class='ocrx_word' id='word_1_178' title='bbox 284 1690 339 1742; x_wconf 86' lang='lat' dir='ltr'><strong>enni</strong></span> <span class='ocrx_word' id='word_1_179' title='bbox 352 1703 425 1754; x_wconf 85' lang='lat' dir='ltr'><strong>nsque</strong></span> <span class='ocrx_word' id='word_1_180' title='bbox 440 1691 468 1740; x_wconf 86' lang='lat' dir='ltr'><strong>ad</strong></span> <span class='ocrx_word' id='word_1_181' title='bbox 481 1689 672 1740; x_wconf 87' lang='lat' dir='ltr'><strong>resumectioncm</strong></span> <span class='ocrx_word' id='word_1_182' title='bbox 693 1687 804 1752; x_wconf 89' lang='lat' dir='ltr'><strong>aliorum,</strong></span> <span class='ocrx_word' id='word_1_183' title='bbox 813 1695 840 1739; x_wconf 90' lang='lat' dir='ltr'><strong>ut</strong></span> <span class='ocrx_word' id='word_1_184' title='bbox 853 1693 919 1753; x_wconf 86' lang='lat' dir='ltr'><strong>patet</strong></span> 
     </span>
     <span class='ocr_line' id='line_1_24' title="bbox 112 1759 917 1826; baseline -0.004 -12"><span class='ocrx_word' id='word_1_185' title='bbox 112 1761 224 1826; x_wconf 73' lang='lat' dir='ltr'><strong>Aperui„</strong></span> <span class='ocrx_word' id='word_1_186' title='bbox 240 1763 297 1825; x_wconf 81' lang='lat' dir='ltr'><strong>XX3</strong></span> <span class='ocrx_word' id='word_1_187' title='bbox 314 1761 398 1811; x_wconf 89' lang='lat' dir='ltr'><strong>dieitur</strong></span> <span class='ocrx_word' id='word_1_188' title='bbox 414 1761 475 1811; x_wconf 91' lang='lat' dir='ltr'><strong>euim</strong></span> <span class='ocrx_word' id='word_1_189' title='bbox 488 1760 521 1812; x_wconf 90' lang='lat' dir='ltr'><strong>ihi</strong></span> <span class='ocrx_word' id='word_1_190' title='bbox 535 1759 631 1811; x_wconf 79' lang='lat' dir='ltr'><strong>:oiddi</strong></span> <span class='ocrx_word' id='word_1_191' title='bbox 649 1759 737 1810; x_wconf 87' lang='lat' dir='ltr'><strong>animas</strong></span> <span class='ocrx_word' id='word_1_192' title='bbox 751 1761 917 1811; x_wconf 87' lang='lat' dir='ltr'><strong>decollatorum</strong></span> 
     </span>
     <span class='ocr_line' id='line_1_25' title="bbox 112 1831 915 1896; baseline 0 -15"><span class='ocrx_word' id='word_1_193' title='bbox 112 1837 205 1896; x_wconf 88' lang='lat' dir='ltr'><strong>propter</strong></span> <span class='ocrx_word' id='word_1_194' title='bbox 216 1832 372 1882; x_wconf 83' lang='lat' dir='ltr'><strong>testimonium</strong></span> <span class='ocrx_word' id='word_1_195' title='bbox 385 1833 439 1882; x_wconf 87' lang='lat' dir='ltr'><strong>Jesn</strong></span> <span class='ocrx_word' id='word_1_196' title='bbox 449 1868 455 1890; x_wconf 92' lang='lat'>,</span> <span class='ocrx_word' id='word_1_197' title='bbox 466 1837 489 1883; x_wconf 90' lang='lat' dir='ltr'><strong>et</strong></span> <span class='ocrx_word' id='word_1_198' title='bbox 499 1837 593 1896; x_wconf 85' lang='lat' dir='ltr'><strong>propter</strong></span> <span class='ocrx_word' id='word_1_199' title='bbox 606 1831 700 1883; x_wconf 77' lang='lat' dir='ltr'><strong>verbnm</strong></span> <span class='ocrx_word' id='word_1_200' title='bbox 711 1831 761 1893; x_wconf 68' lang='lat' dir='ltr'><strong>nee</strong></span> <span class='ocrx_word' id='word_1_201' title='bbox 772 1849 787 1880; x_wconf 82' lang='lat' dir='ltr'><strong>u</strong></span> <span class='ocrx_word' id='word_1_202' title='bbox 800 1836 823 1882; x_wconf 89' lang='lat' dir='ltr'><strong>et</strong></span> <span class='ocrx_word' id='word_1_203' title='bbox 833 1833 897 1884; x_wconf 76' lang='lat' dir='ltr'><strong>iuir&#39;a</strong></span> <span class='ocrx_word' id='word_1_204' title='bbox 910 1849 915 1881; x_wconf 91' lang='lat'>:</span> 
     </span>
    </p>

    <p class='ocr_par' dir='ltr' id='par_1_7' title="bbox 87 1903 917 2180">
     <span class='ocr_line' id='line_1_26' title="bbox 87 1903 917 1966; baseline 0.002 -14"><span class='ocrx_word' id='word_1_205' title='bbox 87 1921 88 1924; x_wconf 45' lang='lat'>¹</span> <span class='ocrx_word' id='word_1_206' title='bbox 115 1921 129 1952; x_wconf 85' lang='lat' dir='ltr'><strong>n</strong></span> <span class='ocrx_word' id='word_1_207' title='bbox 138 1905 164 1954; x_wconf 83' lang='lat' dir='ltr'><strong>Et</strong></span> <span class='ocrx_word' id='word_1_208' title='bbox 180 1903 287 1952; x_wconf 84' lang='lat' dir='ltr'><strong>vixerunt</strong></span> <span class='ocrx_word' id='word_1_209' title='bbox 303 1910 327 1952; x_wconf 88' lang='lat' dir='ltr'><strong>et</strong></span> <span class='ocrx_word' id='word_1_210' title='bbox 348 1907 501 1964; x_wconf 82' lang='lat' dir='ltr'><strong>regnaverunt</strong></span> <span class='ocrx_word' id='word_1_211' title='bbox 523 1917 575 1952; x_wconf 91' lang='lat' dir='ltr'><strong>cum</strong></span> <span class='ocrx_word' id='word_1_212' title='bbox 596 1903 686 1953; x_wconf 81' lang='lat' dir='ltr'><strong>Christo</strong></span> <span class='ocrx_word' id='word_1_213' title='bbox 709 1903 771 1953; x_wconf 88' lang='lat' dir='ltr'><strong>miile</strong></span> <span class='ocrx_word' id='word_1_214' title='bbox 789 1903 874 1966; x_wconf 85' lang='lat' dir='ltr'><strong>aunis;</strong></span> <span class='ocrx_word' id='word_1_215' title='bbox 896 1910 917 1954; x_wconf 87' lang='lat' dir='ltr'><strong>et</strong></span> 
     </span>
     <span class='ocr_line' id='line_1_27' title="bbox 113 1973 917 2027; baseline 0 -1"><span class='ocrx_word' id='word_1_216' title='bbox 113 1975 191 2027; x_wconf 80' lang='lat' dir='ltr'><strong>ceteri</strong></span> <span class='ocrx_word' id='word_1_217' title='bbox 204 1982 342 2026; x_wconf 89' lang='lat' dir='ltr'><strong>mortuorum</strong></span> <span class='ocrx_word' id='word_1_218' title='bbox 358 1987 403 2024; x_wconf 90' lang='lat' dir='ltr'><strong>non</strong></span> <span class='ocrx_word' id='word_1_219' title='bbox 419 1973 526 2024; x_wconf 88' lang='lat' dir='ltr'><strong>uixeruut</strong></span> <span class='ocrx_word' id='word_1_220' title='bbox 536 1975 608 2025; x_wconf 90' lang='lat' dir='ltr'><strong>donec</strong></span> <span class='ocrx_word' id='word_1_221' title='bbox 623 1979 837 2026; x_wconf 88' lang='lat' dir='ltr'><strong>consummarentur</strong></span> <span class='ocrx_word' id='word_1_222' title='bbox 852 1977 917 2026; x_wconf 87' lang='lat' dir='ltr'><strong>mitte</strong></span> 
     </span>
     <span class='ocr_line' id='line_1_28' title="bbox 113 2044 916 2110; baseline -0.001 -12"><span class='ocrx_word' id='word_1_223' title='bbox 113 2046 175 2098; x_wconf 86' lang='lat' dir='ltr'><strong>enni.</strong></span> <span class='ocrx_word' id='word_1_224' title='bbox 187 2063 200 2094; x_wconf 91' lang='grc' dir='ltr'><strong>ιι</strong></span> <span class='ocrx_word' id='word_1_225' title='bbox 211 2046 270 2109; x_wconf 84' lang='lat' dir='ltr'><strong>Ergo</strong></span> <span class='ocrx_word' id='word_1_226' title='bbox 285 2045 420 2096; x_wconf 90' lang='lat' dir='ltr'><strong>resurrectio</strong></span> <span class='ocrx_word' id='word_1_227' title='bbox 433 2044 533 2095; x_wconf 90' lang='lat' dir='ltr'><strong>omnium</strong></span> <span class='ocrx_word' id='word_1_228' title='bbox 549 2057 594 2096; x_wconf 89' lang='lat' dir='ltr'><strong>non</strong></span> <span class='ocrx_word' id='word_1_229' title='bbox 605 2045 706 2096; x_wconf 80' lang='lat' dir='ltr'><strong>differtur</strong></span> <span class='ocrx_word' id='word_1_230' title='bbox 718 2059 791 2110; x_wconf 80' lang='lat' dir='ltr'><strong>nsque</strong></span> <span class='ocrx_word' id='word_1_231' title='bbox 803 2046 832 2096; x_wconf 86' lang='lat' dir='ltr'><strong>ad</strong></span> <span class='ocrx_word' id='word_1_232' title='bbox 846 2047 916 2100; x_wconf 79' lang='lat' dir='ltr'><strong>tinem</strong></span> 
     </span>
     <span class='ocr_line' id='line_1_29' title="bbox 113 2115 497 2180; baseline -0.01 -10"><span class='ocrx_word' id='word_1_233' title='bbox 113 2119 205 2180; x_wconf 83' lang='lat' dir='ltr'><strong>mundi,</strong></span> <span class='ocrx_word' id='word_1_234' title='bbox 221 2121 246 2166; x_wconf 89' lang='lat' dir='ltr'><strong>ut</strong></span> <span class='ocrx_word' id='word_1_235' title='bbox 261 2115 290 2166; x_wconf 89' lang='lat' dir='ltr'><strong>sit</strong></span> <span class='ocrx_word' id='word_1_236' title='bbox 303 2115 405 2166; x_wconf 89' lang='lat' dir='ltr'><strong>orunium</strong></span> <span class='ocrx_word' id='word_1_237' title='bbox 421 2116 497 2166; x_wconf 89' lang='lat' dir='ltr'><strong>simui.</strong></span> 
     </span>
    </p>

    <p class='ocr_par' dir='ltr' id='par_1_8' title="bbox 111 2187 951 2546">
     <span class='ocr_line' id='line_1_30' title="bbox 143 2187 915 2251; baseline -0.001 -11"><span class='ocrx_word' id='word_1_238' title='bbox 143 2190 187 2240; x_wconf 88' lang='lat' dir='ltr'><strong>Sed</strong></span> <span class='ocrx_word' id='word_1_239' title='bbox 203 2191 279 2238; x_wconf 90' lang='lat' dir='ltr'><strong>contra</strong></span> <span class='ocrx_word' id='word_1_240' title='bbox 294 2191 340 2250; x_wconf 87' lang='lat' dir='ltr'><strong>est,</strong></span> <span class='ocrx_word' id='word_1_241' title='bbox 355 2188 414 2251; x_wconf 87' lang='lat' dir='ltr'><strong>quod</strong></span> <span class='ocrx_word' id='word_1_242' title='bbox 428 2187 512 2239; x_wconf 87' lang='lat' dir='ltr'><strong>dicitnr</strong></span> <span class='ocrx_word' id='word_1_243' title='bbox 522 2189 586 2250; x_wconf 84' lang='lat' dir='ltr'><strong>Joo,</strong></span> <span class='ocrx_word' id='word_1_244' title='bbox 602 2190 653 2240; x_wconf 81' lang='lat' dir='ltr'><strong>Xtv</strong></span> <span class='ocrx_word' id='word_1_245' title='bbox 666 2205 672 2238; x_wconf 74' lang='grc' dir='ltr'>ε</span> <span class='ocrx_word' id='word_1_246' title='bbox 685 2206 698 2236; x_wconf 88' lang='lat' dir='ltr'><strong>u</strong></span> <span class='ocrx_word' id='word_1_247' title='bbox 707 2189 780 2239; x_wconf 87' lang='lat' dir='ltr'><strong>Homo</strong></span> <span class='ocrx_word' id='word_1_248' title='bbox 794 2187 848 2238; x_wconf 84' lang='lat' dir='ltr'><strong>cuim</strong></span> <span class='ocrx_word' id='word_1_249' title='bbox 863 2190 915 2240; x_wconf 92' lang='lat' dir='ltr'><strong>der·</strong></span> 
     </span>
     <span class='ocr_line' id='line_1_31' title="bbox 112 2260 915 2325; baseline 0 -13"><span class='ocrx_word' id='word_1_250' title='bbox 112 2262 187 2312; x_wconf 88' lang='lat' dir='ltr'><strong>mierit</strong></span> <span class='ocrx_word' id='word_1_251' title='bbox 206 2273 253 2310; x_wconf 92' lang='lat' dir='ltr'><strong>nou</strong></span> <span class='ocrx_word' id='word_1_252' title='bbox 266 2263 386 2323; x_wconf 85' lang='lat' dir='ltr'><strong>resurget,</strong></span> <span class='ocrx_word' id='word_1_253' title='bbox 399 2260 472 2310; x_wconf 91' lang='lat' dir='ltr'><strong>donec</strong></span> <span class='ocrx_word' id='word_1_254' title='bbox 486 2264 597 2312; x_wconf 87' lang='lat' dir='ltr'><strong>atteratur</strong></span> <span class='ocrx_word' id='word_1_255' title='bbox 609 2262 691 2314; x_wconf 79' lang='lat' dir='ltr'><strong>cretum</strong></span> <span class='ocrx_word' id='word_1_256' title='bbox 711 2275 757 2312; x_wconf 92' lang='lat' dir='ltr'><strong>nou</strong></span> <span class='ocrx_word' id='word_1_257' title='bbox 775 2260 915 2325; x_wconf 78' lang='lat' dir='ltr'><strong>evigilabit,</strong></span> 
     </span>
     <span class='ocr_line' id='line_1_32' title="bbox 112 2333 914 2398; baseline 0 -16"><span class='ocrx_word' id='word_1_258' title='bbox 112 2347 155 2384; x_wconf 92' lang='lat' dir='ltr'><strong>neo</strong></span> <span class='ocrx_word' id='word_1_259' title='bbox 171 2335 292 2394; x_wconf 80' lang='lat' dir='ltr'><strong>consurget</strong></span> <span class='ocrx_word' id='word_1_260' title='bbox 304 2333 333 2383; x_wconf 88' lang='lat' dir='ltr'><strong>de</strong></span> <span class='ocrx_word' id='word_1_261' title='bbox 350 2345 430 2386; x_wconf 87' lang='lat' dir='ltr'><strong>somno</strong></span> <span class='ocrx_word' id='word_1_262' title='bbox 448 2346 500 2385; x_wconf 88' lang='lat' dir='ltr'><strong>suo.</strong></span> <span class='ocrx_word' id='word_1_263' title='bbox 511 2349 525 2380; x_wconf 89' lang='grc' dir='ltr'><strong>ιι</strong></span> <span class='ocrx_word' id='word_1_264' title='bbox 539 2334 568 2383; x_wconf 86' lang='lat' dir='ltr'><strong>Et</strong></span> <span class='ocrx_word' id='word_1_265' title='bbox 579 2333 679 2398; x_wconf 82' lang='lat' dir='ltr'><strong>loquitur</strong></span> <span class='ocrx_word' id='word_1_266' title='bbox 694 2333 722 2384; x_wconf 86' lang='lat' dir='ltr'><strong>de</strong></span> <span class='ocrx_word' id='word_1_267' title='bbox 733 2345 813 2384; x_wconf 90' lang='lat' dir='ltr'><strong>sumne</strong></span> <span class='ocrx_word' id='word_1_268' title='bbox 823 2334 914 2384; x_wconf 84' lang='lat' dir='ltr'><strong>mortis.</strong></span> 
     </span>
     <span class='ocr_line' id='line_1_33' title="bbox 111 2403 951 2470; baseline 0.004 -16"><span class='ocrx_word' id='word_1_269' title='bbox 111 2405 170 2467; x_wconf 89' lang='lat' dir='ltr'><strong>Ergo</strong></span> <span class='ocrx_word' id='word_1_270' title='bbox 184 2405 296 2466; x_wconf 86' lang='lat' dir='ltr'><strong>usquead</strong></span> <span class='ocrx_word' id='word_1_271' title='bbox 310 2403 379 2454; x_wconf 86' lang='lat' dir='ltr'><strong>duom</strong></span> <span class='ocrx_word' id='word_1_272' title='bbox 396 2405 590 2469; x_wconf 81' lang='lat' dir='ltr'><strong>muudi,‹1uaudo</strong></span> <span class='ocrx_word' id='word_1_273' title='bbox 604 2407 685 2456; x_wconf 81' lang='lat' dir='ltr'><strong>emirum</strong></span> <span class='ocrx_word' id='word_1_274' title='bbox 700 2407 825 2470; x_wconf 85' lang='lat' dir='ltr'><strong>niteretur,</strong></span> <span class='ocrx_word' id='word_1_275' title='bbox 836 2418 916 2456; x_wconf 90' lang='lat' dir='ltr'><strong>resur·</strong></span> <span class='ocrx_word' id='word_1_276' title='bbox 950 2407 951 2430; x_wconf 65' lang='lat'>¹</span> 
     </span>
     <span class='ocr_line' id='line_1_34' title="bbox 112 2475 443 2527; baseline 0 -3"><span class='ocrx_word' id='word_1_277' title='bbox 112 2475 183 2526; x_wconf 89' lang='lat' dir='ltr'><strong>rectio</strong></span> <span class='ocrx_word' id='word_1_278' title='bbox 198 2475 314 2525; x_wconf 89' lang='lat' dir='ltr'><strong>dominnm</strong></span> <span class='ocrx_word' id='word_1_279' title='bbox 329 2476 443 2527; x_wconf 79' lang='lat' dir='ltr'><strong>differtur.</strong></span> 
     </span>
    </p>

    <p class='ocr_par' dir='ltr' id='par_1_9' title="bbox 112 2547 951 2829">
     <span class='ocr_line' id='line_1_35' title="bbox 146 2547 951 2609; baseline 0.01 -13"><span class='ocrx_word' id='word_1_280' title='bbox 146 2547 267 2608; x_wconf 82' lang='lat' dir='ltr'><strong>Praeterea,</strong></span> <span class='ocrx_word' id='word_1_281' title='bbox 283 2548 369 2604; x_wconf 73' lang='lat' dir='ltr'><strong>neor„</strong></span> <span class='ocrx_word' id='word_1_282' title='bbox 385 2549 424 2609; x_wconf 87' lang='lat' dir='ltr'><strong>xt,</strong></span> <span class='ocrx_word' id='word_1_283' title='bbox 436 2547 520 2598; x_wconf 90' lang='lat' dir='ltr'><strong>dieitur</strong></span> <span class='ocrx_word' id='word_1_284' title='bbox 532 2565 537 2598; x_wconf 75' lang='grc' dir='ltr'><strong>ι</strong></span> <span class='ocrx_word' id='word_1_285' title='bbox 550 2547 601 2598; x_wconf 83' lang='lat' dir='ltr'><strong>ulii</strong></span> <span class='ocrx_word' id='word_1_286' title='bbox 616 2561 705 2609; x_wconf 86' lang='lat' dir='ltr'><strong>omnes,</strong></span> <span class='ocrx_word' id='word_1_287' title='bbox 715 2547 847 2599; x_wconf 89' lang='lat' dir='ltr'><strong>testimonio</strong></span> <span class='ocrx_word' id='word_1_288' title='bbox 862 2549 915 2600; x_wconf 84' lang='lat' dir='ltr'><strong>fidei</strong></span> <span class='ocrx_word' id='word_1_289' title='bbox 950 2549 951 2604; x_wconf 62' lang='grc' dir='ltr'>ἶ</span> 
     </span>
     <span class='ocr_line' id='line_1_36' title="bbox 113 2617 951 2688; baseline 0.005 -22"><span class='ocrx_word' id='word_1_290' title='bbox 113 2617 210 2682; x_wconf 89' lang='lat' dir='ltr'><strong>probati,</strong></span> <span class='ocrx_word' id='word_1_291' title='bbox 220 2631 266 2668; x_wconf 91' lang='lat' dir='ltr'><strong>non</strong></span> <span class='ocrx_word' id='word_1_292' title='bbox 274 2623 411 2684; x_wconf 88' lang='lat' dir='ltr'><strong>acceperunt</strong></span> <span class='ocrx_word' id='word_1_293' title='bbox 421 2619 668 2688; x_wconf 80' lang='lat' dir='ltr'><strong>repromissionemtid</strong></span> <span class='ocrx_word' id='word_1_294' title='bbox 679 2623 722 2682; x_wconf 89' lang='lat' dir='ltr'><strong>est,</strong></span> <span class='ocrx_word' id='word_1_295' title='bbox 734 2619 824 2683; x_wconf 87' lang='lat' dir='ltr'><strong>plenam</strong></span> <span class='ocrx_word' id='word_1_296' title='bbox 833 2620 914 2671; x_wconf 79' lang='lat' dir='ltr'><strong>anime</strong></span> <span class='ocrx_word' id='word_1_297' title='bbox 950 2635 951 2678; x_wconf 69' lang='lat' dir='ltr'><strong>r</strong></span> 
     </span>
     <span class='ocr_line' id='line_1_37' title="bbox 112 2689 951 2756; baseline 0.001 -15"><span class='ocrx_word' id='word_1_298' title='bbox 112 2693 137 2741; x_wconf 87' lang='lat' dir='ltr'><strong>et</strong></span> <span class='ocrx_word' id='word_1_299' title='bbox 149 2691 250 2756; x_wconf 90' lang='lat' dir='ltr'><strong>eorporis</strong></span> <span class='ocrx_word' id='word_1_300' title='bbox 262 2691 427 2744; x_wconf 85' lang='lat' dir='ltr'><strong>beatitudiuem</strong></span> <span class='ocrx_word' id='word_1_301' title='bbox 442 2693 460 2756; x_wconf 91' lang='lat'><strong>)‚</strong></span> <span class='ocrx_word' id='word_1_302' title='bbox 475 2694 520 2744; x_wconf 81' lang='lat' dir='ltr'><strong>Deo</strong></span> <span class='ocrx_word' id='word_1_303' title='bbox 534 2692 617 2743; x_wconf 87' lang='lat' dir='ltr'><strong>meiius</strong></span> <span class='ocrx_word' id='word_1_304' title='bbox 631 2691 716 2756; x_wconf 85' lang='lat' dir='ltr'><strong>aliquid</strong></span> <span class='ocrx_word' id='word_1_305' title='bbox 730 2705 772 2754; x_wconf 87' lang='lat' dir='ltr'><strong>pro</strong></span> <span class='ocrx_word' id='word_1_306' title='bbox 783 2692 850 2742; x_wconf 87' lang='lat' dir='ltr'><strong>nobis</strong></span> <span class='ocrx_word' id='word_1_307' title='bbox 863 2705 914 2756; x_wconf 91' lang='lat' dir='ltr'><strong>pro-</strong></span> <span class='ocrx_word' id='word_1_308' title='bbox 950 2689 951 2694; x_wconf 75' lang='grc'>’</span> 
     </span>
     <span class='ocr_line' id='line_1_38' title="bbox 113 2761 913 2829; baseline -0.003 -17"><span class='ocrx_word' id='word_1_309' title='bbox 113 2761 215 2828; x_wconf 85' lang='lat' dir='ltr'><strong>vidente,</strong></span> <span class='ocrx_word' id='word_1_310' title='bbox 223 2777 251 2814; x_wconf 91' lang='lat' dir='ltr'><strong>ne</strong></span> <span class='ocrx_word' id='word_1_311' title='bbox 264 2765 314 2815; x_wconf 87' lang='lat' dir='ltr'><strong>sine</strong></span> <span class='ocrx_word' id='word_1_312' title='bbox 323 2763 390 2815; x_wconf 88' lang='lat' dir='ltr'><strong>nobis</strong></span> <span class='ocrx_word' id='word_1_313' title='bbox 397 2769 616 2827; x_wconf 81' lang='lat' dir='ltr'><strong>consummarentur,</strong></span> <span class='ocrx_word' id='word_1_314' title='bbox 628 2765 660 2829; x_wconf 88' lang='lat' dir='ltr'><strong>(id</strong></span> <span class='ocrx_word' id='word_1_315' title='bbox 675 2766 710 2814; x_wconf 87' lang='lat' dir='ltr'><strong>ost</strong></span> <span class='ocrx_word' id='word_1_316' title='bbox 723 2765 913 2828; x_wconf 80' lang='lat' dir='ltr'><strong>perficeretur.)u</strong></span> 
     </span>
    </p>
   </div>
   <div class='ocr_carea' id='block_1_3' title="bbox 114 2835 951 2902">
    <p class='ocr_par' dir='ltr' id='par_1_10' title="bbox 114 2835 951 2902">
     <span class='ocr_line' id='line_1_39' title="bbox 114 2835 951 2902; baseline 0 -16"><span class='ocrx_word' id='word_1_317' title='bbox 114 2836 193 2889; x_wconf 86' lang='lat' dir='ltr'><strong>Glossa</strong></span> <span class='ocrx_word' id='word_1_318' title='bbox 207 2853 213 2888; x_wconf 82' lang='lat' dir='ltr'>z</span> <span class='ocrx_word' id='word_1_319' title='bbox 228 2854 241 2888; x_wconf 87' lang='lat' dir='ltr'><strong>u</strong></span> <span class='ocrx_word' id='word_1_320' title='bbox 257 2839 286 2889; x_wconf 89' lang='lat' dir='ltr'><strong>Ut</strong></span> <span class='ocrx_word' id='word_1_321' title='bbox 302 2837 326 2888; x_wconf 91' lang='lat' dir='ltr'><strong>in</strong></span> <span class='ocrx_word' id='word_1_322' title='bbox 339 2837 454 2890; x_wconf 83' lang='lat' dir='ltr'><strong>communi</strong></span> <span class='ocrx_word' id='word_1_323' title='bbox 468 2838 550 2902; x_wconf 86' lang='lat' dir='ltr'><strong>gaudio</strong></span> <span class='ocrx_word' id='word_1_324' title='bbox 569 2836 671 2890; x_wconf 84' lang='lat' dir='ltr'><strong>curtum</strong></span> <span class='ocrx_word' id='word_1_325' title='bbox 690 2836 766 2900; x_wconf 89' lang='lat' dir='ltr'><strong>majus</strong></span> <span class='ocrx_word' id='word_1_326' title='bbox 778 2835 843 2890; x_wconf 89' lang='lat' dir='ltr'><strong>deret</strong></span> <span class='ocrx_word' id='word_1_327' title='bbox 860 2849 913 2902; x_wconf 84' lang='lat' dir='ltr'><strong>gan·</strong></span> <span class='ocrx_word' id='word_1_328' title='bbox 950 2839 951 2870; x_wconf 77' lang='lat'>³</span> 
     </span>
    </p>
   </div>
   <div class='ocr_carea' id='block_1_4' title="bbox 0 0 966 3322">
    <p class='ocr_par' dir='ltr' id='par_1_11' title="bbox 0 0 966 3322">
     <span class='ocr_line' id='line_1_40' title="bbox 0 0 966 3322; baseline 0 0"><span class='ocrx_word' id='word_1_329' title='bbox 0 0 966 3322; x_wconf 95' lang='lat' dir='ltr'><strong> </strong></span> 
     </span>
    </p>
   </div>
  </div>
 </body>
</html>
