2024 3328
144 185 190 233 liii
274 195 598 246 ,oneremuru1,ouuer.
615 195 669 244 nrt,
685 197 741 234 unu.
760 195 792 232 rr.

175 273 208 322 ilci
223 269 315 322 tertium
328 269 450 320 (licendum
460 307 467 331 ,
477 269 538 334 quoi
550 283 596 322 non
609 270 737 336 bronurius
750 283 795 321 uon
808 274 885 335 potem
899 271 951 321 ali-

143 356 211 405 quem
225 341 300 392 tenure
315 342 343 391 de
352 341 502 404 sacrofonte,
516 340 568 391 cium
581 352 628 392 non
637 341 667 391 sit
677 345 802 392 membrum
816 341 950 403 Ecclesiae,

144 414 210 477 cujns
230 417 310 476 typum
329 411 386 475 gerii
404 411 427 461 iu
451 412 564 476 baptismo
589 412 730 476 succipiens,
745 411 849 475 quamvis
868 413 953 475 possit

145 483 270 546 baptizare,
284 482 338 546 quia
347 486 381 532 cst
392 486 494 532 creatura
508 482 638 547 lloi,'eujus
649 488 730 546 typum
747 483 806 546 gerit
816 483 951 548 bantinum

147 567 190 605 uec
198 559 276 604 tannen
290 552 387 616 aliquam
396 554 554 617 cognationem
562 553 703 617 spiritualem
713 555 845 605 contrahere
858 557 952 618 potem,

147 626 202 690 quia
214 627 263 690 ipse
276 629 311 676 est
323 637 406 688 expers
417 625 542 689 spiritualis
552 626 613 688 vitm,
625 626 650 675 iu
660 626 805 690 quamhomo
818 624 894 690 primi)
909 639 957 692 per

147 697 285 762 baptismum
299 697 405 748 uasmtnr.

441 805 597 861 Anniculus
612 805 651 860 lv,

181 931 266 974 Uirium
279 931 389 987 cognatio
405 931 540 987 spiritualia
554 933 661 976 transeut
674 929 689 975 ci
702 930 756 975 viro
770 931 797 975 in
812 941 924 974 umorem.

181 1051 213 1100 nl
223 1057 327 1114 errantum
339 1052 373 1102 cic
385 1051 522 1115 proceditur.
537 1051 630 1102 Videtur
639 1049 699 1115 quon
708 1051 813 1114 coguatio
821 1050 955 1114 spiritualis

150 1135 196 1173 non
209 1125 310 1173 transeat
322 1121 393 1173 irino
402 1121 427 1172 in
438 1136 541 1173 uxorem.
552 1123 610 1182 Quia
623 1122 747 1186 spiritualis
761 1121 815 1172 uuio
828 1126 852 1173 et
865 1134 956 1185 cornu-

149 1191 203 1244 ralis
219 1197 272 1242 nunt
286 1194 408 1257 disparato
427 1197 452 1243 et
467 1192 605 1243 nicenorum
624 1205 740 1257 generum.
760 1193 819 1255 llrgo
832 1193 956 1242 mediante

149 1263 233 1314 carnali
250 1265 410 1328 conjunctione
427 1278 477 1328 qna
499 1264 559 1314 inter
579 1265 656 1314 rimm
672 1267 695 1314 et
718 1275 813 1315 uxorem
831 1266 889 1326 est,
906 1275 956 1314 uon

150 1335 259 1386 transitur
272 1337 300 1386 acl
311 1334 450 1398 spiritualem
461 1335 629 1398 cognationem.

182 1409 206 1454 2.
224 1408 351 1467 Praeterea,
365 1406 439 1469 magis
452 1406 589 1455 conueniunt
604 1405 627 1454 in
652 1406 765 1470 spirituali
785 1405 956 1470 generatione,

151 1487 201 1536 gne
215 1481 253 1526 est
268 1489 337 1528 caum
349 1475 471 1540 spiritnrlis
479 1476 629 1540 cognationis,
642 1480 708 1541 pater
720 1481 744 1528 et
757 1480 829 1527 mater
840 1476 957 1540 spiritua·

150 1544 193 1608 lis,
208 1545 275 1612 quim
287 1548 321 1598 nir
332 1549 370 1612 qui
386 1551 422 1598 est
435 1547 559 1612 spiritualis
576 1553 650 1612 puter,
665 1552 688 1598 et
701 1561 767 1600 uror.
781 1548 827 1599 Sel
841 1552 915 1612 paler
932 1552 957 1599 et

151 1621 223 1670 mater
234 1618 358 1683 spiritualis
370 1619 454 1670 nullum
468 1631 497 1670 or
508 1620 552 1670 lroo
563 1619 703 1684 spiritualem
717 1618 878 1683 cognationem
893 1631 957 1670 con-

149 1692 251 1741 trahunt.
266 1693 324 1755 Ergo
341 1705 385 1743 neu
399 1705 456 1742 uror
472 1692 586 1742 contrahit
598 1693 694 1756 aliquam
707 1689 848 1755 spiritualem
865 1704 956 1756 uugna·

151 1761 236 1812 tionem
251 1775 281 1813 ex
297 1764 340 1814 lroe
350 1762 410 1826 quid
424 1762 459 1814 nir
474 1763 527 1827 ejus
538 1763 568 1814 sit
579 1767 643 1827 pater
655 1762 753 1827 alicujus
765 1761 905 1824 spiritualis.

183 1835 206 1880 3.
222 1833 347 1895 l’rceterea,
362 1838 437 1896 potest
446 1834 578 1897 contingere
592 1833 652 1898 guod
666 1834 753 1886 virent
767 1832 913 1897 baptizatus,
929 1838 954 1884 et

150 1913 208 1952 uror
226 1914 272 1952 non
290 1906 324 1953 est
342 1903 470 1968 baptizata,
483 1903 543 1954 sicut
556 1905 690 1968 quanuoeut
702 1904 732 1954 ab
747 1901 880 1953 infidelitate
896 1915 955 1953 con·

150 1983 231 2023 uersus
247 1972 297 2023 sine
309 1973 403 2025 alteriue
415 1975 519 2039 conjugis
532 1974 687 2026 conversione.
709 1975 754 2025 Sel
767 1973 894 2039 spiritualis
907 1988 955 2025 co-

151 2043 228 2104 gnalio
243 2057 289 2095 nou
311 2049 386 2108 potest
402 2046 521 2109 peruenire
539 2046 568 2096 ad
592 2058 637 2097 uon
654 2045 802 2110 baptirutnm.
822 2045 882 2110 lingo
906 2056 953 2096 non

152 2113 231 2164 transit
243 2128 334 2180 semper
343 2117 372 2167 de
388 2116 437 2168 niro
450 2117 479 2167 ad
492 2130 596 2169 uxorem.

185 2187 207 2236 t.
222 2187 348 2249 Praeterea,
362 2187 397 2237 nir
410 2191 434 2238 et
450 2202 507 2240 uxor
526 2193 622 2253 poscunt
638 2189 736 2252 aliquem
752 2187 820 2238 simul
839 2187 868 2238 cle
885 2197 953 2240 sacro

152 2255 214 2309 ionte
223 2258 298 2309 leuare
308 2259 350 2323 (1).
367 2258 392 2309 si
405 2271 458 2322 ergo
471 2259 596 2323 spiritualis
609 2260 714 2323 cognatio
725 2259 797 2310 iriro
808 2258 917 2310 transiret
926 2256 952 2306 iu

151 2339 255 2392 uxorem,
266 2333 398 2393 sequeretur
407 2330 467 2394 qnod
481 2335 576 2393 uterque
585 2331 707 2394 conjugum
719 2333 780 2381 esset
791 2329 827 2380 hie
836 2332 904 2394 parer
914 2328 953 2378 uel

152 2401 224 2448 mater
246 2399 369 2464 spiritualis
389 2399 508 2464 cjncclem3
523 2401 582 2463 quod
605 2405 640 2452 est
660 2400 831 2452 inconveniens.

182 2467 393 2530 sedecennalem
407 2470 532 2535 spiritualia
544 2471 616 2536 magis
629 2470 809 2536 multiplicabilie
818 2474 873 2522 snut
881 2467 951 2532 quim

151 2539 285 2602 corporalia.
293 2541 338 2593 Sed
345 2541 528 2606 consanguinitas
540 2544 662 2608 corporolia
671 2543 716 2596 riri
725 2543 806 2594 temnit
814 2543 843 2594 acl
854 2551 951 2594 nuum

152 2621 192 2672 per
211 2610 352 2678 asinitatem.
371 2612 430 2676 Ergo
443 2614 514 2664 multi
526 2615 599 2679 magio
608 2613 732 2679 spiritualis
742 2612 856 2677 cognatio.

184 2680 345 2744 (Conmnero.
358 2709 389 2734 .-
403 2685 494 2736 l'rnusit
511 2684 634 2750 spiritualis
647 2684 752 2748 coguatio
764 2683 778 2734 l
790 2683 837 2735 uiro
849 2682 874 2732 in
894 2694 951 2732 uxo-

184 2830 217 2894 (l)
232 2836 288 2889 onir
308 2838 331 2884 iti
345 2836 407 2885 nulli
424 2839 474 2896 lege
491 2837 633 2896 prohibitum
647 2842 697 2894 eet,
712 2849 741 2883 ex
758 2837 852 2883 Urbane
865 2837 902 2894 ll,
917 2833 950 2881 ae

155 2896 265 2948 titulun,
279 2900 353 2952 nanu
365 2903 439 2961 xxx,
455 2914 495 2962 qu.
506 2899 532 2961 i,
546 2911 597 2959 cagr.
612 2900 681 2957 Quod
692 2903 782 2952 crottam⁸
