1980 3320
159 165 191 200 or.
207 161 516 212 consummatissimum
532 162 708 216 iurauerant,
723 166 777 204 erc.
842 159 872 206 tl

71 241 91 290 iu
101 240 187 305 nuptiis
196 239 311 300 deluerit,
322 237 477 290 cataractiam
488 251 540 290 cum
552 239 604 304 ipso
615 240 676 290 coitu
684 241 795 292 celebrata
809 243 871 294 trus-

71 317 189 363 tractor.»

98 386 229 442 Praeterea,
244 381 305 445 quod
319 381 421 444 sequntur
434 381 462 432 ad
478 380 576 445 aliquid,
592 396 639 434 uon
655 383 711 434 lacit
726 384 810 448 ipsum.
826 384 870 436 Sed

68 455 161 506 carnalis
182 453 264 518 copula
280 451 383 516 sequitur
403 452 479 516 ipsum
499 453 683 516 matrimonium,
698 453 757 505 siout
774 455 870 508 effeetus

69 541 167 578 causam.
182 526 243 588 Ergo
260 536 307 574 non
321 526 398 587 potest
409 524 483 575 lacero
501 524 679 576 matrimonium.

99 593 507 662 (mucius10.-cumatiscoputa,
519 595 571 646 cum
588 609 725 647 consensum
742 599 869 662 siguificare

70 671 186 729 uideatur,
201 667 228 716 in
242 666 354 717 Ecclesia
371 665 420 716 roro
432 670 484 730 post
500 667 615 730 sponsalia
632 668 801 720 matrimonium
819 671 871 721 elii·

69 755 114 792 cere
132 738 236 801 dicitur,
256 737 311 789 licet
324 737 348 788 iu
362 737 411 788 loro
428 737 573 790 conscientiae
580 775 590 803 ,
601 738 621 790 si
635 739 728 790 interior
743 753 870 793 consensus

68 813 133 875 desit,
150 824 199 862 non
219 807 353 874 perficiat.)

95 882 233 947 Respondeo
248 879 384 942 dicendum,
399 879 459 943 queo
471 882 499 932 de
512 881 656 933 matrimonio
666 895 788 947 possumus
804 885 868 948 loqui

65 954 203 1018 dupliciter:
218 952 268 1002 Uno
278 951 353 1013 modo,
364 951 473 1016 quantum
487 953 516 1002 ad
527 953 600 1004 lorum
610 953 768 1018 couscientim;
784 961 807 1006 et
821 956 865 1020 sic,

66 1027 88 1076 in
99 1026 132 1075 rei
146 1024 246 1075 ueritate
254 1060 263 1086 ,
278 1022 376 1073 carnatis
390 1023 471 1087 copula
484 1036 531 1074 uon
547 1023 618 1076 habet
631 1024 691 1088 quod
706 1026 809 1089 perficiat
821 1041 869 1078 ma-

67 1095 280 1159 trimonium,cujus
295 1095 410 1158 sponsalia
423 1098 589 1158 processerunt
602 1109 643 1160 per
657 1096 727 1145 verba
739 1095 767 1147 de
782 1097 867 1161 tuturo,

66 1169 84 1218 si
98 1180 229 1220 cousensus
238 1165 333 1216 interior
349 1165 414 1228 desit,
424 1165 477 1229 quia
489 1166 559 1216 narba
568 1167 637 1216 etiam
650 1166 679 1216 de
692 1167 800 1230 presenti
813 1182 868 1220 cun·

67 1253 157 1290 sensum
173 1236 344 1300 exprimentia,
359 1237 380 1286 si
393 1249 518 1288 consensus
533 1237 639 1288 mentalis
656 1238 759 1300 deesset,
775 1252 821 1290 nou
831 1240 867 1290 ta-

66 1315 143 1362 cerent
158 1308 343 1368 matrimonium,
352 1311 378 1358 ut
388 1307 456 1372 sopri
465 1307 551 1358 dictum
559 1311 595 1360 est
604 1308 655 1372 (qu.
670 1311 710 1372 ta,
721 1312 764 1360 art.
772 1311 806 1371 t).
817 1311 867 1362 llio

68 1384 148 1444 modo,
163 1379 279 1444 quantiam
296 1380 324 1430 ad
340 1379 452 1444 judicium
472 1379 587 1430 Ecclesiae.
605 1381 633 1429 Et
649 1378 702 1443 quia
719 1381 743 1429 in
759 1382 869 1434 exteriori

66 1453 168 1518 judicio,
183 1449 311 1502 sccundirm
329 1462 358 1501 ea
367 1461 419 1514 qna
431 1450 486 1501 soris
498 1454 578 1514 patent
584 1487 592 1514 ,
605 1450 732 1514 judicatur,
747 1451 799 1502 cum
811 1452 868 1503 nihil

68 1526 137 1587 possit
159 1520 298 1587 expressius
317 1521 445 1586 siguificare
462 1534 613 1582 consensum,
626 1521 695 1586 quim
716 1523 812 1575 carnalis
829 1538 867 1576 oo·

25 1649 26 1654 1
69 1596 130 1660 pola,
148 1596 220 1656 ideo,
244 1591 368 1643 secundum
385 1591 496 1654 judicium
518 1592 641 1658 Ecclesiae,
667 1593 764 1645 carnalis
787 1596 868 1660 copula

25 1669 26 1674 ’
66 1679 211 1730 consequens
227 1663 343 1728 sponsalia
354 1661 524 1714 matrimonium
539 1663 613 1714 lacere
628 1664 752 1728 Judioatur,
762 1665 809 1716 nisi
825 1666 867 1718 ali·

25 1751 26 1756 ¹
65 1752 107 1801 qua
125 1738 195 1802 signa
211 1748 319 1800 expressa
334 1735 380 1785 doli
393 1735 430 1784 uel
443 1735 530 1786 fraudis
543 1738 678 1798 appareant.

95 1811 129 1862 nd
147 1810 250 1874 primurn
265 1821 318 1870 crgo
335 1806 471 1871 dicendum,
485 1807 546 1871 quod
560 1807 599 1858 ille
617 1807 656 1870 qui
676 1807 866 1861 carnalitercom·

65 1882 188 1944 miscetur,
202 1881 263 1930 lacto
275 1877 390 1930 consentit
403 1877 552 1930 incarnatam
566 1878 685 1942 copulam,
700 1880 824 1931 secundum
834 1882 867 1932 rei

65 1953 203 2014 ueritatom3
218 1951 297 2001 sedin
313 1949 482 2000 matrimonium
503 1963 550 2001 nou
566 1951 681 2001 consentit
694 1964 723 2002 eu
736 1953 781 2003 hoc
797 1953 847 2017 ipso
855 1991 865 2018 ,

66 2024 111 2076 nisi
123 2021 253 2074 secuudum
266 2020 476 2085 interpretationem
487 2020 557 2085 juris.

96 2096 129 2145 td
144 2093 273 2144 secuudum
287 2092 423 2154 dicendum,
437 2091 497 2156 quod
512 2092 670 2156 interpretatio
684 2092 723 2144 illa
732 2105 779 2144 nou
794 2097 865 2144 mutat

65 2167 97 2218 rei
109 2167 248 2226 ueritatem,
258 2163 297 2214 sed
309 2163 419 2228 judicium
437 2164 497 2226 quod
512 2162 617 2214 derebus
632 2164 734 2216 exterius
744 2163 779 2213 fit.

96 2239 131 2288 tld
146 2236 242 2288 tertium
260 2235 398 2297 dicendum,
413 2234 473 2299 quod
487 2234 507 2285 si
521 2247 605 2299 sponsa
622 2249 729 2299 sponsum
747 2235 867 2298 admittat,

65 2309 164 2360 rredcus
183 2319 238 2358 eum
253 2306 311 2356 velle
333 2305 501 2356 matrimonium
521 2317 694 2371 consummare,
714 2307 869 2358 excusatura

64 2384 172 2445 peccato,
188 2377 234 2429 nisi
246 2377 322 2440 aliqum
337 2375 402 2439 sigua
414 2389 522 2442 expressa
536 2377 623 2428 fraudis
637 2376 835 2443 appareant3sicut
848 2378 869 2430 si

66 2454 114 2502 sint
126 2449 227 2502 multtum
235 2447 341 2501 distantis
350 2446 497 2512 conditionis,
511 2448 666 2512 velquautirm
677 2448 705 2498 ad
717 2447 867 2514 nobilitatem,

65 2525 103 2575 rel
118 2521 234 2588 quantiam
253 2521 281 2571 ad
300 2521 426 2582 fortunam,
443 2519 479 2570 vel
501 2519 562 2570 aliud
581 2519 669 2583 signum
688 2520 783 2572 arideus
799 2534 869 2586 appa·

65 2599 123 2646 reat.
132 2594 180 2646 Sed
194 2597 271 2644 tameo
286 2604 384 2656 sponsus
395 2592 476 2655 peccat
490 2589 631 2652 fornicando,
648 2593 672 2642 et
685 2589 815 2654 puniendus
834 2595 870 2646 est

66 2667 93 2718 de
103 2665 188 2717 fraude
204 2676 273 2728 quam
283 2661 347 2713 lacit.

97 2739 133 2790 tid
145 2737 252 2800 quonum
261 2733 394 2796 dicendum,
409 2733 470 2798 quod
480 2734 505 2784 in
516 2733 555 2784 tali
564 2745 618 2784 casu
630 2743 737 2796 sponsus,
746 2734 869 2795 antequam

66 2811 137 2860 aliam
152 2805 253 2869 duxerit,
265 2809 359 2856 tenetur
370 2817 421 2856 eam
432 2806 513 2857 ducere
525 2804 551 2855 iu
564 2815 672 2866 uxorem,
685 2803 762 2853 sisini
772 2803 869 2866 equalis

67 2877 222 2942 conditionis,
236 2877 274 2928 uel
294 2876 314 2928 si
335 2889 419 2944 sponsa
442 2877 472 2928 sit
494 2873 594 2928 melioris
618 2872 763 2926 conditionis.
782 2871 827 2922 Sed
850 2871 870 2922 si
