<?xml version="1.0" encoding="UTF-8"?>
<!DOCTYPE html PUBLIC "-//W3C//DTD XHTML 1.0 Transitional//EN"
    "http://www.w3.org/TR/xhtml1/DTD/xhtml1-transitional.dtd">
<html xmlns="http://www.w3.org/1999/xhtml" xml:lang="en" lang="en">
 <head>
  <title>
</title>
<meta http-equiv="Content-Type" content="text/html;charset=utf-8" />
  <meta name='ocr-system' content='tesseract 3.04.00' />
  <meta name='ocr-capabilities' content='ocr_page ocr_carea ocr_par ocr_line ocrx_word'/>
</head>
<body>
  <div class='ocr_page' id='page_1' title='image "./summatheologica06nicogoog_0689.png"; bbox 0 0 1968 3294; ppageno 0'>
   <div class='ocr_carea' id='block_1_1' title="bbox 362 177 835 234">
    <p class='ocr_par' dir='ltr' id='par_1_1' title="bbox 362 177 835 234">
     <span class='ocr_line' id='line_1_1' title="bbox 362 177 835 234; baseline 0 -18"><span class='ocrx_word' id='word_1_1' title='bbox 362 181 393 218; x_wconf 86' lang='lat' dir='ltr'><strong>oc</strong></span> <span class='ocrx_word' id='word_1_2' title='bbox 408 177 532 217; x_wconf 69' lang='lat' dir='ltr'><strong>tumoris.</strong></span> <span class='ocrx_word' id='word_1_3' title='bbox 788 183 835 234; x_wconf 62' lang='lat'><strong>⁶35</strong></span> 
     </span>
    </p>
   </div>
   <div class='ocr_carea' id='block_1_2' title="bbox 30 252 843 2086">
    <p class='ocr_par' dir='ltr' id='par_1_2' title="bbox 30 252 842 670">
     <span class='ocr_line' id='line_1_2' title="bbox 42 252 842 321; baseline 0.001 -13"><span class='ocrx_word' id='word_1_4' title='bbox 42 253 110 321; x_wconf 78' lang='lat' dir='ltr'><strong>quod</strong></span> <span class='ocrx_word' id='word_1_5' title='bbox 118 254 202 307; x_wconf 72' lang='lat' dir='ltr'><strong>baben</strong></span> <span class='ocrx_word' id='word_1_6' title='bbox 212 254 269 306; x_wconf 87' lang='lat' dir='ltr'><strong>duas</strong></span> <span class='ocrx_word' id='word_1_7' title='bbox 279 252 416 316; x_wconf 74' lang='lat' dir='ltr'><strong>urgioitatis</strong></span> <span class='ocrx_word' id='word_1_8' title='bbox 426 253 559 314; x_wconf 76' lang='lat' dir='ltr'><strong>aureolos,</strong></span> <span class='ocrx_word' id='word_1_9' title='bbox 567 254 608 306; x_wconf 91' lang='lat' dir='ltr'><strong>sed</strong></span> <span class='ocrx_word' id='word_1_10' title='bbox 620 253 674 318; x_wconf 76' lang='lat' dir='ltr'><strong>quia</strong></span> <span class='ocrx_word' id='word_1_11' title='bbox 687 253 772 320; x_wconf 78' lang='lat' dir='ltr'><strong>duplex</strong></span> <span class='ocrx_word' id='word_1_12' title='bbox 783 269 842 321; x_wconf 81' lang='lat' dir='ltr'><strong>praa·</strong></span> 
     </span>
     <span class='ocr_line' id='line_1_3' title="bbox 42 323 842 392; baseline 0.003 -16"><span class='ocrx_word' id='word_1_13' title='bbox 42 325 119 377; x_wconf 85' lang='lat' dir='ltr'><strong>mium</strong></span> <span class='ocrx_word' id='word_1_14' title='bbox 139 325 275 390; x_wconf 85' lang='lat' dir='ltr'><strong>reportabit;</strong></span> <span class='ocrx_word' id='word_1_15' title='bbox 295 337 366 376; x_wconf 88' lang='lat' dir='ltr'><strong>uuum</strong></span> <span class='ocrx_word' id='word_1_16' title='bbox 379 337 420 389; x_wconf 89' lang='lat' dir='ltr'><strong>pro</strong></span> <span class='ocrx_word' id='word_1_17' title='bbox 436 323 573 388; x_wconf 77' lang='lat' dir='ltr'><strong>uirginitatis</strong></span> <span class='ocrx_word' id='word_1_18' title='bbox 587 324 704 388; x_wconf 86' lang='lat' dir='ltr'><strong>custodia,</strong></span> <span class='ocrx_word' id='word_1_19' title='bbox 720 326 780 378; x_wconf 85' lang='lat' dir='ltr'><strong>atiud</strong></span> <span class='ocrx_word' id='word_1_20' title='bbox 801 340 842 392; x_wconf 91' lang='lat' dir='ltr'><strong>pro</strong></span> 
     </span>
     <span class='ocr_line' id='line_1_4' title="bbox 42 393 842 462; baseline 0.001 -16"><span class='ocrx_word' id='word_1_21' title='bbox 42 395 135 458; x_wconf 74' lang='lat' dir='ltr'><strong>iniuria</strong></span> <span class='ocrx_word' id='word_1_22' title='bbox 151 408 218 460; x_wconf 78' lang='lat' dir='ltr'><strong>quam</strong></span> <span class='ocrx_word' id='word_1_23' title='bbox 238 406 306 460; x_wconf 86' lang='lat' dir='ltr'><strong>passa</strong></span> <span class='ocrx_word' id='word_1_24' title='bbox 324 397 367 447; x_wconf 88' lang='lat' dir='ltr'><strong>est.</strong></span> <span class='ocrx_word' id='word_1_25' title='bbox 381 395 438 446; x_wconf 87' lang='lat' dir='ltr'><strong>bato</strong></span> <span class='ocrx_word' id='word_1_26' title='bbox 454 395 523 446; x_wconf 88' lang='lat' dir='ltr'><strong>etiarn</strong></span> <span class='ocrx_word' id='word_1_27' title='bbox 544 393 606 458; x_wconf 81' lang='lat' dir='ltr'><strong>pubd</strong></span> <span class='ocrx_word' id='word_1_28' title='bbox 617 393 718 445; x_wconf 86' lang='lat' dir='ltr'><strong>totaliter</strong></span> <span class='ocrx_word' id='word_1_29' title='bbox 734 407 842 462; x_wconf 82' lang='lat' dir='ltr'><strong>oppressa</strong></span> 
     </span>
     <span class='ocr_line' id='line_1_5' title="bbox 30 463 841 530; baseline 0.002 -14"><span class='ocrx_word' id='word_1_30' title='bbox 30 465 180 530; x_wconf 39' lang='lat' dir='ltr'><strong>&#39;concipiam</strong></span> <span class='ocrx_word' id='word_1_31' title='bbox 194 478 236 516; x_wconf 90' lang='lat' dir='ltr'><strong>nec</strong></span> <span class='ocrx_word' id='word_1_32' title='bbox 248 477 277 517; x_wconf 85' lang='lat' dir='ltr'><strong>ex</strong></span> <span class='ocrx_word' id='word_1_33' title='bbox 291 467 336 517; x_wconf 89' lang='lat' dir='ltr'><strong>hoo</strong></span> <span class='ocrx_word' id='word_1_34' title='bbox 349 465 454 518; x_wconf 86' lang='lat' dir='ltr'><strong>meritum</strong></span> <span class='ocrx_word' id='word_1_35' title='bbox 462 463 599 530; x_wconf 82' lang='lat' dir='ltr'><strong>uirginitatis</strong></span> <span class='ocrx_word' id='word_1_36' title='bbox 613 465 700 530; x_wconf 86' lang='lat' dir='ltr'><strong>perdit;</strong></span> <span class='ocrx_word' id='word_1_37' title='bbox 712 477 755 518; x_wconf 86' lang='lat' dir='ltr'><strong>nec</strong></span> <span class='ocrx_word' id='word_1_38' title='bbox 765 469 841 518; x_wconf 65' lang='lat' dir='ltr'><strong>umen</strong></span> 
     </span>
     <span class='ocr_line' id='line_1_6' title="bbox 44 533 842 608; baseline 0.004 -22"><span class='ocrx_word' id='word_1_39' title='bbox 44 533 116 586; x_wconf 83' lang='lat' dir='ltr'><strong>biatri</strong></span> <span class='ocrx_word' id='word_1_40' title='bbox 133 535 220 588; x_wconf 81' lang='lat' dir='ltr'><strong>Christi</strong></span> <span class='ocrx_word' id='word_1_41' title='bbox 237 537 374 602; x_wconf 84' lang='lat' dir='ltr'><strong>equabitur,</strong></span> <span class='ocrx_word' id='word_1_42' title='bbox 390 535 414 586; x_wconf 93' lang='lat' dir='ltr'><strong>in</strong></span> <span class='ocrx_word' id='word_1_43' title='bbox 428 547 472 608; x_wconf 83' lang='lat' dir='ltr'><strong>qua</strong></span> <span class='ocrx_word' id='word_1_44' title='bbox 487 535 531 585; x_wconf 84' lang='lat' dir='ltr'><strong>tuit</strong></span> <span class='ocrx_word' id='word_1_45' title='bbox 543 547 595 587; x_wconf 86' lang='lat' dir='ltr'><strong>oum</strong></span> <span class='ocrx_word' id='word_1_46' title='bbox 612 535 741 600; x_wconf 77' lang='lat' dir='ltr'><strong>integritate</strong></span> <span class='ocrx_word' id='word_1_47' title='bbox 758 537 842 590; x_wconf 82' lang='lat' dir='ltr'><strong>mentio</strong></span> 
     </span>
     <span class='ocr_line' id='line_1_7' title="bbox 45 605 356 670; baseline -0.003 -14"><span class='ocrx_word' id='word_1_48' title='bbox 45 606 119 656; x_wconf 88' lang='lat' dir='ltr'><strong>etiarn</strong></span> <span class='ocrx_word' id='word_1_49' title='bbox 140 605 260 670; x_wconf 79' lang='lat' dir='ltr'><strong>integritas</strong></span> <span class='ocrx_word' id='word_1_50' title='bbox 275 605 356 657; x_wconf 83' lang='lat' dir='ltr'><strong>earnis.</strong></span> 
     </span>
    </p>

    <p class='ocr_par' dir='ltr' id='par_1_3' title="bbox 43 675 842 1022">
     <span class='ocr_line' id='line_1_8' title="bbox 79 675 841 741; baseline 0 -14"><span class='ocrx_word' id='word_1_51' title='bbox 79 676 114 727; x_wconf 75' lang='lat' dir='ltr'><strong>td</strong></span> <span class='ocrx_word' id='word_1_52' title='bbox 132 676 235 741; x_wconf 84' lang='lat' dir='ltr'><strong>quintum</strong></span> <span class='ocrx_word' id='word_1_53' title='bbox 248 675 382 739; x_wconf 86' lang='lat' dir='ltr'><strong>dicendum,</strong></span> <span class='ocrx_word' id='word_1_54' title='bbox 397 675 459 740; x_wconf 82' lang='lat' dir='ltr'><strong>quod</strong></span> <span class='ocrx_word' id='word_1_55' title='bbox 471 676 591 740; x_wconf 75' lang='lat' dir='ltr'><strong>uirginitas</strong></span> <span class='ocrx_word' id='word_1_56' title='bbox 605 676 696 728; x_wconf 82' lang='lat' dir='ltr'><strong>nobisa</strong></span> <span class='ocrx_word' id='word_1_57' title='bbox 714 682 793 729; x_wconf 85' lang='lat' dir='ltr'><strong>natura</strong></span> <span class='ocrx_word' id='word_1_58' title='bbox 806 679 841 728; x_wconf 87' lang='lat' dir='ltr'><strong>in·</strong></span> 
     </span>
     <span class='ocr_line' id='line_1_9' title="bbox 44 745 841 814; baseline 0.003 -16"><span class='ocrx_word' id='word_1_59' title='bbox 44 746 152 798; x_wconf 86' lang='lat' dir='ltr'><strong>nascitur</strong></span> <span class='ocrx_word' id='word_1_60' title='bbox 163 750 273 810; x_wconf 81' lang='lat' dir='ltr'><strong>quantun</strong></span> <span class='ocrx_word' id='word_1_61' title='bbox 286 746 313 796; x_wconf 89' lang='lat' dir='ltr'><strong>ed</strong></span> <span class='ocrx_word' id='word_1_62' title='bbox 327 745 348 796; x_wconf 88' lang='lat' dir='ltr'><strong>id</strong></span> <span class='ocrx_word' id='word_1_63' title='bbox 361 746 422 809; x_wconf 84' lang='lat' dir='ltr'><strong>quod</strong></span> <span class='ocrx_word' id='word_1_64' title='bbox 436 748 471 796; x_wconf 83' lang='lat' dir='ltr'><strong>cet</strong></span> <span class='ocrx_word' id='word_1_65' title='bbox 480 745 596 798; x_wconf 86' lang='lat' dir='ltr'><strong>materiate</strong></span> <span class='ocrx_word' id='word_1_66' title='bbox 607 745 632 796; x_wconf 91' lang='lat' dir='ltr'><strong>in</strong></span> <span class='ocrx_word' id='word_1_67' title='bbox 643 745 787 814; x_wconf 63' lang='lat' dir='ltr'><strong>uirginitatea</strong></span> <span class='ocrx_word' id='word_1_68' title='bbox 801 749 841 800; x_wconf 86' lang='lat' dir='ltr'><strong>sed</strong></span> 
     </span>
     <span class='ocr_line' id='line_1_10' title="bbox 43 815 842 882; baseline 0.003 -16"><span class='ocrx_word' id='word_1_69' title='bbox 43 816 191 880; x_wconf 86' lang='lat' dir='ltr'><strong>propositum</strong></span> <span class='ocrx_word' id='word_1_70' title='bbox 202 819 318 880; x_wconf 82' lang='lat' dir='ltr'><strong>perpetuae</strong></span> <span class='ocrx_word' id='word_1_71' title='bbox 328 815 503 882; x_wconf 75' lang='lat' dir='ltr'><strong>nounptionis</strong></span> <span class='ocrx_word' id='word_1_72' title='bbox 514 817 641 876; x_wconf 82' lang='lat' dir='ltr'><strong>seruandae,</strong></span> <span class='ocrx_word' id='word_1_73' title='bbox 650 829 679 867; x_wconf 83' lang='lat' dir='ltr'><strong>ex</strong></span> <span class='ocrx_word' id='word_1_74' title='bbox 693 830 738 881; x_wconf 85' lang='lat' dir='ltr'><strong>quo</strong></span> <span class='ocrx_word' id='word_1_75' title='bbox 747 817 842 882; x_wconf 73' lang='lat' dir='ltr'><strong>rugini-</strong></span> 
     </span>
     <span class='ocr_line' id='line_1_11' title="bbox 43 886 842 952; baseline 0.008 -16"><span class='ocrx_word' id='word_1_76' title='bbox 43 892 84 936; x_wconf 84' lang='lat' dir='ltr'><strong>tas</strong></span> <span class='ocrx_word' id='word_1_77' title='bbox 104 887 211 938; x_wconf 86' lang='lat' dir='ltr'><strong>meritum</strong></span> <span class='ocrx_word' id='word_1_78' title='bbox 224 886 308 949; x_wconf 86' lang='lat' dir='ltr'><strong>habet,</strong></span> <span class='ocrx_word' id='word_1_79' title='bbox 323 899 369 938; x_wconf 89' lang='lat' dir='ltr'><strong>nou</strong></span> <span class='ocrx_word' id='word_1_80' title='bbox 382 890 419 938; x_wconf 91' lang='lat' dir='ltr'><strong>cst</strong></span> <span class='ocrx_word' id='word_1_81' title='bbox 432 886 552 950; x_wconf 85' lang='lat' dir='ltr'><strong>innatum,</strong></span> <span class='ocrx_word' id='word_1_82' title='bbox 564 888 604 939; x_wconf 90' lang='lat' dir='ltr'><strong>sed</strong></span> <span class='ocrx_word' id='word_1_83' title='bbox 618 901 647 938; x_wconf 87' lang='lat' dir='ltr'><strong>cx</strong></span> <span class='ocrx_word' id='word_1_84' title='bbox 659 900 753 940; x_wconf 87' lang='lat' dir='ltr'><strong>munere</strong></span> <span class='ocrx_word' id='word_1_85' title='bbox 764 888 842 952; x_wconf 77' lang='lat' dir='ltr'><strong>gratia</strong></span> 
     </span>
     <span class='ocr_line' id='line_1_12' title="bbox 43 969 195 1022; baseline 0.007 -16"><span class='ocrx_word' id='word_1_86' title='bbox 43 969 195 1022; x_wconf 76' lang='lat' dir='ltr'><strong>proveniens.</strong></span> 
     </span>
    </p>

    <p class='ocr_par' dir='ltr' id='par_1_4' title="bbox 42 1027 842 1312">
     <span class='ocr_line' id='line_1_13' title="bbox 79 1027 842 1094; baseline 0.004 -15"><span class='ocrx_word' id='word_1_87' title='bbox 79 1028 114 1079; x_wconf 76' lang='lat' dir='ltr'><strong>td</strong></span> <span class='ocrx_word' id='word_1_88' title='bbox 137 1033 226 1080; x_wconf 87' lang='lat' dir='ltr'><strong>sextum</strong></span> <span class='ocrx_word' id='word_1_89' title='bbox 242 1029 374 1089; x_wconf 87' lang='lat' dir='ltr'><strong>dicendam,</strong></span> <span class='ocrx_word' id='word_1_90' title='bbox 389 1029 448 1092; x_wconf 84' lang='lat' dir='ltr'><strong>pubd</strong></span> <span class='ocrx_word' id='word_1_91' title='bbox 469 1041 515 1081; x_wconf 87' lang='lat' dir='ltr'><strong>nora</strong></span> <span class='ocrx_word' id='word_1_92' title='bbox 535 1027 628 1082; x_wconf 76' lang='lat' dir='ltr'>cuilibet</span> <span class='ocrx_word' id='word_1_93' title='bbox 646 1029 720 1082; x_wconf 79' lang='lat' dir='ltr'><strong>uidua</strong></span> <span class='ocrx_word' id='word_1_94' title='bbox 739 1031 842 1094; x_wconf 76' lang='lat' dir='ltr'><strong>tructus</strong></span> 
     </span>
     <span class='ocr_line' id='line_1_14' title="bbox 43 1098 841 1164; baseline 0.003 -14"><span class='ocrx_word' id='word_1_95' title='bbox 43 1101 230 1163; x_wconf 73' lang='lat' dir='ltr'><strong>seoapeooriua</strong></span> <span class='ocrx_word' id='word_1_96' title='bbox 241 1099 349 1160; x_wconf 87' lang='lat' dir='ltr'><strong>debetur,</strong></span> <span class='ocrx_word' id='word_1_97' title='bbox 362 1100 403 1150; x_wconf 89' lang='lat' dir='ltr'><strong>sed</strong></span> <span class='ocrx_word' id='word_1_98' title='bbox 420 1099 442 1150; x_wconf 87' lang='lat' dir='ltr'><strong>ei</strong></span> <span class='ocrx_word' id='word_1_99' title='bbox 457 1099 529 1152; x_wconf 86' lang='lat' dir='ltr'><strong>solbm</strong></span> <span class='ocrx_word' id='word_1_100' title='bbox 545 1111 595 1161; x_wconf 79' lang='lat' dir='ltr'><strong>que</strong></span> <span class='ocrx_word' id='word_1_101' title='bbox 611 1098 752 1164; x_wconf 86' lang='lat' dir='ltr'><strong>propositum</strong></span> <span class='ocrx_word' id='word_1_102' title='bbox 762 1101 841 1152; x_wconf 69' lang='lat' dir='ltr'><strong>udd-</strong></span> 
     </span>
     <span class='ocr_line' id='line_1_15' title="bbox 43 1172 841 1238; baseline -0.003 -12"><span class='ocrx_word' id='word_1_103' title='bbox 43 1173 104 1226; x_wconf 88' lang='lat' dir='ltr'><strong>tatis</strong></span> <span class='ocrx_word' id='word_1_104' title='bbox 122 1174 238 1224; x_wconf 66' lang='lat' dir='ltr'><strong>navandae</strong></span> <span class='ocrx_word' id='word_1_105' title='bbox 260 1172 360 1232; x_wconf 87' lang='lat' dir='ltr'><strong>retinet,</strong></span> <span class='ocrx_word' id='word_1_106' title='bbox 373 1173 477 1236; x_wconf 67' lang='lat' dir='ltr'><strong>qamvis</strong></span> <span class='ocrx_word' id='word_1_107' title='bbox 495 1173 564 1225; x_wconf 88' lang='lat' dir='ltr'><strong>etiam</strong></span> <span class='ocrx_word' id='word_1_108' title='bbox 583 1176 662 1224; x_wconf 78' lang='lat' dir='ltr'><strong>uotum</strong></span> <span class='ocrx_word' id='word_1_109' title='bbox 679 1185 726 1224; x_wconf 88' lang='lat' dir='ltr'><strong>non</strong></span> <span class='ocrx_word' id='word_1_110' title='bbox 738 1174 841 1238; x_wconf 82' lang='lat' dir='ltr'><strong>omittat,</strong></span> 
     </span>
     <span class='ocr_line' id='line_1_16' title="bbox 42 1242 484 1312; baseline -0.014 -14"><span class='ocrx_word' id='word_1_111' title='bbox 42 1245 108 1298; x_wconf 84' lang='lat' dir='ltr'><strong>sicut</strong></span> <span class='ocrx_word' id='word_1_112' title='bbox 120 1243 183 1294; x_wconf 88' lang='lat' dir='ltr'><strong>etde</strong></span> <span class='ocrx_word' id='word_1_113' title='bbox 196 1243 326 1312; x_wconf 77' lang='lat' dir='ltr'><strong>uirginitate</strong></span> <span class='ocrx_word' id='word_1_114' title='bbox 343 1242 427 1296; x_wconf 82' lang='lat' dir='ltr'><strong>dictum</strong></span> <span class='ocrx_word' id='word_1_115' title='bbox 440 1247 484 1294; x_wconf 90' lang='lat' dir='ltr'><strong>est.</strong></span> 
     </span>
    </p>

    <p class='ocr_par' dir='ltr' id='par_1_5' title="bbox 44 1312 843 2086">
     <span class='ocr_line' id='line_1_17' title="bbox 81 1312 843 1379; baseline 0.007 -16"><span class='ocrx_word' id='word_1_116' title='bbox 81 1315 119 1366; x_wconf 78' lang='lat' dir='ltr'><strong>Ad</strong></span> <span class='ocrx_word' id='word_1_117' title='bbox 131 1315 251 1379; x_wconf 88' lang='lat' dir='ltr'><strong>septimum</strong></span> <span class='ocrx_word' id='word_1_118' title='bbox 265 1314 401 1376; x_wconf 86' lang='lat' dir='ltr'><strong>dicendum,</strong></span> <span class='ocrx_word' id='word_1_119' title='bbox 415 1312 475 1377; x_wconf 86' lang='lat' dir='ltr'><strong>qubd</strong></span> <span class='ocrx_word' id='word_1_120' title='bbox 488 1313 509 1364; x_wconf 90' lang='lat' dir='ltr'><strong>si</strong></span> <span class='ocrx_word' id='word_1_121' title='bbox 526 1315 601 1379; x_wconf 75' lang='lat' dir='ltr'><strong>frigidi</strong></span> <span class='ocrx_word' id='word_1_122' title='bbox 619 1318 642 1367; x_wconf 93' lang='lat' dir='ltr'><strong>et</strong></span> <span class='ocrx_word' id='word_1_123' title='bbox 654 1315 752 1367; x_wconf 90' lang='lat' dir='ltr'><strong>eunuchi</strong></span> <span class='ocrx_word' id='word_1_124' title='bbox 763 1316 843 1368; x_wconf 83' lang='lat' dir='ltr'><strong>uolun-</strong></span> 
     </span>
     <span class='ocr_line' id='line_1_18' title="bbox 44 1384 842 1451; baseline 0.001 -14"><span class='ocrx_word' id='word_1_125' title='bbox 44 1389 120 1438; x_wconf 87' lang='lat' dir='ltr'><strong>tatem</strong></span> <span class='ocrx_word' id='word_1_126' title='bbox 138 1386 237 1437; x_wconf 76' lang='lat' dir='ltr'><strong>habeant</strong></span> <span class='ocrx_word' id='word_1_127' title='bbox 253 1395 385 1451; x_wconf 86' lang='lat' dir='ltr'><strong>perpetuam</strong></span> <span class='ocrx_word' id='word_1_128' title='bbox 403 1384 595 1448; x_wconf 79' lang='lat' dir='ltr'><strong>incorruptionem</strong></span> <span class='ocrx_word' id='word_1_129' title='bbox 613 1386 733 1450; x_wconf 85' lang='lat' dir='ltr'><strong>seruandi,</strong></span> <span class='ocrx_word' id='word_1_130' title='bbox 750 1387 842 1438; x_wconf 87' lang='lat' dir='ltr'><strong>etiarnsi</strong></span> 
     </span>
     <span class='ocr_line' id='line_1_19' title="bbox 45 1453 841 1520; baseline 0 -12"><span class='ocrx_word' id='word_1_131' title='bbox 45 1457 145 1508; x_wconf 62' lang='lat' dir='ltr'><strong>maculas</strong></span> <span class='ocrx_word' id='word_1_132' title='bbox 155 1457 245 1508; x_wconf 77' lang='lat' dir='ltr'>adesset</span> <span class='ocrx_word' id='word_1_133' title='bbox 256 1455 360 1517; x_wconf 72' lang='lat' dir='ltr'><strong>meandi,</strong></span> <span class='ocrx_word' id='word_1_134' title='bbox 368 1453 480 1520; x_wconf 74' lang='lat' dir='ltr'><strong>oirpioea</strong></span> <span class='ocrx_word' id='word_1_135' title='bbox 489 1459 543 1505; x_wconf 84' lang='lat' dir='ltr'><strong>suut</strong></span> <span class='ocrx_word' id='word_1_136' title='bbox 556 1455 662 1516; x_wconf 88' lang='lat' dir='ltr'><strong>dicendi,</strong></span> <span class='ocrx_word' id='word_1_137' title='bbox 676 1459 701 1508; x_wconf 87' lang='lat' dir='ltr'><strong>et</strong></span> <span class='ocrx_word' id='word_1_138' title='bbox 711 1457 841 1508; x_wconf 83' lang='lat' dir='ltr'><strong>aureolam</strong></span> 
     </span>
     <span class='ocr_line' id='line_1_20' title="bbox 46 1524 843 1589; baseline 0 -10"><span class='ocrx_word' id='word_1_139' title='bbox 46 1529 178 1589; x_wconf 80' lang='lat' dir='ltr'><strong>merentur3</strong></span> <span class='ocrx_word' id='word_1_140' title='bbox 190 1526 275 1578; x_wconf 82' lang='lat' dir='ltr'><strong>iaciunt</strong></span> <span class='ocrx_word' id='word_1_141' title='bbox 287 1527 350 1578; x_wconf 85' lang='lat' dir='ltr'><strong>euim</strong></span> <span class='ocrx_word' id='word_1_142' title='bbox 365 1526 394 1576; x_wconf 90' lang='lat' dir='ltr'><strong>de</strong></span> <span class='ocrx_word' id='word_1_143' title='bbox 409 1524 545 1578; x_wconf 86' lang='lat' dir='ltr'><strong>necessitato</strong></span> <span class='ocrx_word' id='word_1_144' title='bbox 563 1525 679 1578; x_wconf 72' lang='lat' dir='ltr'><strong>rutubus</strong></span> <span class='ocrx_word' id='word_1_145' title='bbox 694 1525 719 1576; x_wconf 87' lang='lat' dir='ltr'><strong>Si</strong></span> <span class='ocrx_word' id='word_1_146' title='bbox 732 1527 788 1578; x_wconf 80' lang='lat' dir='ltr'><strong>verb</strong></span> <span class='ocrx_word' id='word_1_147' title='bbox 801 1540 843 1579; x_wconf 83' lang='lat' dir='ltr'><strong>ao·</strong></span> 
     </span>
     <span class='ocr_line' id='line_1_21' title="bbox 46 1595 842 1662; baseline 0.003 -14"><span class='ocrx_word' id='word_1_148' title='bbox 46 1595 161 1649; x_wconf 87' lang='lat' dir='ltr'><strong>tuntatem</strong></span> <span class='ocrx_word' id='word_1_149' title='bbox 180 1598 279 1650; x_wconf 80' lang='lat' dir='ltr'><strong>habeant</strong></span> <span class='ocrx_word' id='word_1_150' title='bbox 300 1595 398 1648; x_wconf 84' lang='lat' dir='ltr'><strong>docendi</strong></span> <span class='ocrx_word' id='word_1_151' title='bbox 418 1597 538 1662; x_wconf 75' lang='lat' dir='ltr'><strong>oouJugem</strong></span> <span class='ocrx_word' id='word_1_152' title='bbox 553 1595 575 1648; x_wconf 87' lang='lat' dir='ltr'><strong>si</strong></span> <span class='ocrx_word' id='word_1_153' title='bbox 589 1601 697 1660; x_wconf 87' lang='lat' dir='ltr'><strong>possent,</strong></span> <span class='ocrx_word' id='word_1_154' title='bbox 711 1597 842 1650; x_wconf 83' lang='lat' dir='ltr'><strong>aureolum</strong></span> 
     </span>
     <span class='ocr_line' id='line_1_22' title="bbox 46 1666 840 1731; baseline -0.006 -8"><span class='ocrx_word' id='word_1_155' title='bbox 46 1684 97 1723; x_wconf 89' lang='lat' dir='ltr'><strong>non</strong></span> <span class='ocrx_word' id='word_1_156' title='bbox 112 1673 232 1722; x_wconf 85' lang='lat' dir='ltr'><strong>merentur.</strong></span> <span class='ocrx_word' id='word_1_157' title='bbox 248 1669 312 1720; x_wconf 85' lang='lat' dir='ltr'><strong>Unde</strong></span> <span class='ocrx_word' id='word_1_158' title='bbox 323 1668 379 1722; x_wconf 90' lang='lat' dir='ltr'><strong>dicit</strong></span> <span class='ocrx_word' id='word_1_159' title='bbox 390 1667 528 1731; x_wconf 80' lang='lat' dir='ltr'><strong>angustinus</strong></span> <span class='ocrx_word' id='word_1_160' title='bbox 542 1666 567 1717; x_wconf 91' lang='lat' dir='ltr'><strong>iu</strong></span> <span class='ocrx_word' id='word_1_161' title='bbox 583 1667 625 1718; x_wconf 91' lang='lat' dir='ltr'><strong>lib.</strong></span> <span class='ocrx_word' id='word_1_162' title='bbox 638 1667 676 1718; x_wconf 78' lang='lat' dir='ltr'><strong>De</strong></span> <span class='ocrx_word' id='word_1_163' title='bbox 685 1669 773 1718; x_wconf 79' lang='lat' dir='ltr'><strong>concta</strong></span> <span class='ocrx_word' id='word_1_164' title='bbox 784 1668 840 1718; x_wconf 82' lang='lat' dir='ltr'><strong>Vir-</strong></span> 
     </span>
     <span class='ocr_line' id='line_1_23' title="bbox 47 1735 842 1808; baseline -0.001 -18"><span class='ocrx_word' id='word_1_165' title='bbox 47 1740 169 1808; x_wconf 72' lang='lat' dir='ltr'><strong>qioitote,</strong></span> <span class='ocrx_word' id='word_1_166' title='bbox 179 1751 229 1804; x_wconf 87' lang='lat' dir='ltr'><strong>cap.</strong></span> <span class='ocrx_word' id='word_1_167' title='bbox 241 1741 271 1788; x_wconf 75' lang='lat' dir='ltr'><strong>at</strong></span> <span class='ocrx_word' id='word_1_168' title='bbox 280 1754 286 1789; x_wconf 76' lang='grc' dir='ltr'>ι</span> <span class='ocrx_word' id='word_1_169' title='bbox 296 1737 406 1798; x_wconf 77' lang='lat' dir='ltr'><strong>«Quibus</strong></span> <span class='ocrx_word' id='word_1_170' title='bbox 415 1736 491 1801; x_wconf 84' lang='lat' dir='ltr'><strong>ipsum</strong></span> <span class='ocrx_word' id='word_1_171' title='bbox 504 1735 569 1790; x_wconf 84' lang='lat' dir='ltr'><strong>uirile</strong></span> <span class='ocrx_word' id='word_1_172' title='bbox 578 1736 704 1788; x_wconf 85' lang='lat' dir='ltr'><strong>membrum</strong></span> <span class='ocrx_word' id='word_1_173' title='bbox 713 1735 842 1789; x_wconf 83' lang='lat' dir='ltr'><strong>debilitatur</strong></span> 
     </span>
     <span class='ocr_line' id='line_1_24' title="bbox 47 1805 841 1874; baseline -0.003 -12"><span class='ocrx_word' id='word_1_174' title='bbox 47 1816 77 1862; x_wconf 85' lang='lat' dir='ltr'><strong>ut</strong></span> <span class='ocrx_word' id='word_1_175' title='bbox 96 1821 203 1874; x_wconf 77' lang='lat' dir='ltr'><strong>generare</strong></span> <span class='ocrx_word' id='word_1_176' title='bbox 219 1821 266 1861; x_wconf 87' lang='lat' dir='ltr'><strong>non</strong></span> <span class='ocrx_word' id='word_1_177' title='bbox 286 1809 375 1873; x_wconf 84' lang='lat' dir='ltr'><strong>possint</strong></span> <span class='ocrx_word' id='word_1_178' title='bbox 394 1807 438 1874; x_wconf 89' lang='lat' dir='ltr'><strong>(ut</strong></span> <span class='ocrx_word' id='word_1_179' title='bbox 453 1809 507 1858; x_wconf 87' lang='lat' dir='ltr'><strong>suat</strong></span> <span class='ocrx_word' id='word_1_180' title='bbox 528 1805 646 1870; x_wconf 87' lang='lat' dir='ltr'><strong>eunuchi)</strong></span> <span class='ocrx_word' id='word_1_181' title='bbox 667 1806 769 1870; x_wconf 79' lang='lat' dir='ltr'><strong>sufficit,</strong></span> <span class='ocrx_word' id='word_1_182' title='bbox 789 1807 841 1860; x_wconf 85' lang='lat' dir='ltr'><strong>ebro</strong></span> 
     </span>
     <span class='ocr_line' id='line_1_25' title="bbox 47 1875 842 1944; baseline -0.005 -10"><span class='ocrx_word' id='word_1_183' title='bbox 47 1878 174 1934; x_wconf 84' lang='lat' dir='ltr'><strong>christiani</strong></span> <span class='ocrx_word' id='word_1_184' title='bbox 190 1879 280 1930; x_wconf 82' lang='lat' dir='ltr'><strong>burdet</strong></span> <span class='ocrx_word' id='word_1_185' title='bbox 292 1878 332 1930; x_wconf 88' lang='lat' dir='ltr'><strong>bei</strong></span> <span class='ocrx_word' id='word_1_186' title='bbox 341 1883 459 1943; x_wconf 78' lang='lat' dir='ltr'><strong>precepta</strong></span> <span class='ocrx_word' id='word_1_187' title='bbox 474 1875 618 1941; x_wconf 86' lang='lat' dir='ltr'><strong>custodiunt,</strong></span> <span class='ocrx_word' id='word_1_188' title='bbox 629 1888 657 1929; x_wconf 91' lang='lat' dir='ltr'><strong>eo</strong></span> <span class='ocrx_word' id='word_1_189' title='bbox 671 1881 749 1930; x_wconf 70' lang='lat' dir='ltr'><strong>brnen</strong></span> <span class='ocrx_word' id='word_1_190' title='bbox 759 1890 842 1944; x_wconf 86' lang='lat' dir='ltr'><strong>propo·</strong></span> 
     </span>
     <span class='ocr_line' id='line_1_26' title="bbox 48 1945 843 2016; baseline -0.008 -10"><span class='ocrx_word' id='word_1_191' title='bbox 48 1954 98 2006; x_wconf 84' lang='lat' dir='ltr'><strong>sito</strong></span> <span class='ocrx_word' id='word_1_192' title='bbox 110 1953 163 2001; x_wconf 87' lang='lat' dir='ltr'><strong>sunt</strong></span> <span class='ocrx_word' id='word_1_193' title='bbox 174 1953 200 2000; x_wconf 88' lang='lat' dir='ltr'><strong>ut</strong></span> <span class='ocrx_word' id='word_1_194' title='bbox 213 1950 335 2016; x_wconf 46' lang='lat' dir='ltr'><strong>codices,</strong></span> <span class='ocrx_word' id='word_1_195' title='bbox 348 1949 369 2000; x_wconf 92' lang='lat' dir='ltr'><strong>si</strong></span> <span class='ocrx_word' id='word_1_196' title='bbox 384 1951 492 2014; x_wconf 87' lang='lat' dir='ltr'><strong>possent,</strong></span> <span class='ocrx_word' id='word_1_197' title='bbox 507 1946 629 2012; x_wconf 86' lang='lat' dir='ltr'><strong>baberent,</strong></span> <span class='ocrx_word' id='word_1_198' title='bbox 642 1945 771 2013; x_wconf 70' lang='lat' dir='ltr'><strong>conjugatis</strong></span> <span class='ocrx_word' id='word_1_199' title='bbox 788 1949 843 2000; x_wconf 87' lang='lat' dir='ltr'><strong>tide-</strong></span> 
     </span>
     <span class='ocr_line' id='line_1_27' title="bbox 48 2021 271 2086; baseline -0.022 -10"><span class='ocrx_word' id='word_1_200' title='bbox 48 2025 112 2076; x_wconf 86' lang='lat' dir='ltr'><strong>iibus</strong></span> <span class='ocrx_word' id='word_1_201' title='bbox 123 2021 271 2086; x_wconf 78' lang='lat' dir='ltr'><strong>adequari.»</strong></span> 
     </span>
    </p>
   </div>
   <div class='ocr_carea' id='block_1_3' title="bbox 339 2125 552 2180">
    <p class='ocr_par' dir='ltr' id='par_1_6' title="bbox 339 2125 552 2180">
     <span class='ocr_line' id='line_1_28' title="bbox 339 2125 552 2180; baseline -0.009 -1"><span class='ocrx_word' id='word_1_202' title='bbox 339 2125 501 2180; x_wconf 65' lang='lat' dir='ltr'><strong>marcbubs</strong></span> <span class='ocrx_word' id='word_1_203' title='bbox 516 2127 552 2178; x_wconf 86' lang='lat' dir='ltr'><strong>Vl.</strong></span> 
     </span>
    </p>
   </div>
   <div class='ocr_carea' id='block_1_4' title="bbox 203 2251 688 2309">
    <p class='ocr_par' dir='ltr' id='par_1_7' title="bbox 203 2251 688 2309">
     <span class='ocr_line' id='line_1_29' title="bbox 203 2251 688 2309; baseline -0.004 -9"><span class='ocrx_word' id='word_1_204' title='bbox 203 2254 289 2300; x_wconf 77' lang='lat' dir='ltr'><strong>titrbm</strong></span> <span class='ocrx_word' id='word_1_205' title='bbox 305 2253 454 2309; x_wconf 74' lang='lat' dir='ltr'><strong>martyribus</strong></span> <span class='ocrx_word' id='word_1_206' title='bbox 469 2251 557 2298; x_wconf 73' lang='lat' dir='ltr'><strong>amon</strong></span> <span class='ocrx_word' id='word_1_207' title='bbox 567 2251 688 2300; x_wconf 62' lang='lat' dir='ltr'><strong>dematur.</strong></span> 
     </span>
    </p>
   </div>
   <div class='ocr_carea' id='block_1_5' title="bbox 52 2372 843 2998">
    <p class='ocr_par' dir='ltr' id='par_1_8' title="bbox 52 2372 843 2937">
     <span class='ocr_line' id='line_1_30' title="bbox 84 2372 843 2442; baseline -0.004 -8"><span class='ocrx_word' id='word_1_208' title='bbox 84 2381 117 2434; x_wconf 79' lang='lat' dir='ltr'><strong>td</strong></span> <span class='ocrx_word' id='word_1_209' title='bbox 127 2381 215 2434; x_wconf 83' lang='lat' dir='ltr'><strong>sertum</strong></span> <span class='ocrx_word' id='word_1_210' title='bbox 225 2377 258 2429; x_wconf 85' lang='lat' dir='ltr'><strong>sic</strong></span> <span class='ocrx_word' id='word_1_211' title='bbox 267 2375 404 2442; x_wconf 80' lang='lat' dir='ltr'><strong>proceditur.</strong></span> <span class='ocrx_word' id='word_1_212' title='bbox 415 2372 508 2426; x_wconf 90' lang='lat' dir='ltr'><strong>videtur</strong></span> <span class='ocrx_word' id='word_1_213' title='bbox 519 2373 580 2439; x_wconf 85' lang='lat' dir='ltr'><strong>qubd</strong></span> <span class='ocrx_word' id='word_1_214' title='bbox 591 2375 727 2442; x_wconf 68' lang='lat' dir='ltr'><strong>martyribus</strong></span> <span class='ocrx_word' id='word_1_215' title='bbox 736 2377 843 2432; x_wconf 75' lang='grc' dir='ltr'><strong>αιινιοὶα</strong></span> 
     </span>
     <span class='ocr_line' id='line_1_31' title="bbox 52 2445 843 2512; baseline -0.005 -7"><span class='ocrx_word' id='word_1_216' title='bbox 52 2466 98 2505; x_wconf 88' lang='lat' dir='ltr'><strong>non</strong></span> <span class='ocrx_word' id='word_1_217' title='bbox 113 2452 225 2503; x_wconf 85' lang='lat' dir='ltr'><strong>debeatur.</strong></span> <span class='ocrx_word' id='word_1_218' title='bbox 242 2448 338 2500; x_wconf 78' lang='lat' dir='ltr'><strong>turonia</strong></span> <span class='ocrx_word' id='word_1_219' title='bbox 351 2447 411 2498; x_wconf 86' lang='lat' dir='ltr'><strong>enim</strong></span> <span class='ocrx_word' id='word_1_220' title='bbox 424 2445 542 2510; x_wconf 80' lang='lat' dir='ltr'><strong>premium</strong></span> <span class='ocrx_word' id='word_1_221' title='bbox 556 2450 592 2497; x_wconf 86' lang='lat' dir='ltr'><strong>est</strong></span> <span class='ocrx_word' id='word_1_222' title='bbox 603 2447 664 2510; x_wconf 86' lang='lat' dir='ltr'><strong>quod</strong></span> <span class='ocrx_word' id='word_1_223' title='bbox 674 2446 783 2512; x_wconf 85' lang='lat' dir='ltr'><strong>operibus</strong></span> <span class='ocrx_word' id='word_1_224' title='bbox 798 2463 843 2501; x_wconf 83' lang='lat' dir='ltr'><strong>su·</strong></span> 
     </span>
     <span class='ocr_line' id='line_1_32' title="bbox 52 2515 841 2589; baseline -0.003 -18"><span class='ocrx_word' id='word_1_225' title='bbox 52 2520 228 2589; x_wconf 67' lang='lat' dir='ltr'><strong>peremptionis</strong></span> <span class='ocrx_word' id='word_1_226' title='bbox 246 2517 358 2577; x_wconf 87' lang='lat' dir='ltr'><strong>redditur;</strong></span> <span class='ocrx_word' id='word_1_227' title='bbox 372 2516 432 2568; x_wconf 88' lang='lat' dir='ltr'><strong>unde</strong></span> <span class='ocrx_word' id='word_1_228' title='bbox 445 2515 501 2567; x_wconf 88' lang='lat' dir='ltr'><strong>dicit</strong></span> <span class='ocrx_word' id='word_1_229' title='bbox 516 2515 578 2567; x_wconf 87' lang='lat' dir='ltr'><strong>Beda</strong></span> <span class='ocrx_word' id='word_1_230' title='bbox 593 2529 662 2581; x_wconf 85' lang='lat' dir='ltr'><strong>super</strong></span> <span class='ocrx_word' id='word_1_231' title='bbox 677 2515 734 2569; x_wconf 88' lang='lat' dir='ltr'><strong>iilud</strong></span> <span class='ocrx_word' id='word_1_232' title='bbox 746 2518 841 2574; x_wconf 69' lang='lat' dir='ltr'><strong>scoot..</strong></span> 
     </span>
     <span class='ocr_line' id='line_1_33' title="bbox 52 2587 839 2653; baseline -0.009 -7"><span class='ocrx_word' id='word_1_233' title='bbox 52 2592 115 2646; x_wconf 82' lang='lat' dir='ltr'><strong>Xiiv</strong></span> <span class='ocrx_word' id='word_1_234' title='bbox 133 2607 140 2641; x_wconf 77' lang='grc' dir='ltr'>ι</span> <span class='ocrx_word' id='word_1_235' title='bbox 154 2590 254 2642; x_wconf 74' lang='lat' dir='ltr'><strong>abactas</strong></span> <span class='ocrx_word' id='word_1_236' title='bbox 266 2593 290 2640; x_wconf 92' lang='lat' dir='ltr'><strong>et</strong></span> <span class='ocrx_word' id='word_1_237' title='bbox 302 2589 395 2639; x_wconf 85' lang='lat' dir='ltr'><strong>alteram</strong></span> <span class='ocrx_word' id='word_1_238' title='bbox 407 2599 523 2648; x_wconf 88' lang='lat' dir='ltr'><strong>eoronam,</strong></span> <span class='ocrx_word' id='word_1_239' title='bbox 538 2590 584 2638; x_wconf 86' lang='lat' dir='ltr'><strong>eto.</strong></span> <span class='ocrx_word' id='word_1_240' title='bbox 597 2601 612 2634; x_wconf 84' lang='lat' dir='ltr'><strong>o</strong></span> <span class='ocrx_word' id='word_1_241' title='bbox 625 2587 768 2638; x_wconf 75' lang='lat' dir='ltr'><strong>«boeotum</strong></span> <span class='ocrx_word' id='word_1_242' title='bbox 781 2601 839 2653; x_wconf 82' lang='lat' dir='ltr'><strong>pre·</strong></span> 
     </span>
     <span class='ocr_line' id='line_1_34' title="bbox 53 2656 840 2726; baseline -0.006 -12"><span class='ocrx_word' id='word_1_243' title='bbox 53 2664 99 2714; x_wconf 89' lang='lat' dir='ltr'><strong>mio</strong></span> <span class='ocrx_word' id='word_1_244' title='bbox 116 2663 190 2726; x_wconf 86' lang='lat' dir='ltr'><strong>potest</strong></span> <span class='ocrx_word' id='word_1_245' title='bbox 208 2657 270 2712; x_wconf 83' lang='lat' dir='ltr'><strong>rectb</strong></span> <span class='ocrx_word' id='word_1_246' title='bbox 291 2657 385 2722; x_wconf 73' lang='lat' dir='ltr'><strong>intelligi</strong></span> <span class='ocrx_word' id='word_1_247' title='bbox 401 2657 442 2723; x_wconf 84' lang='lat' dir='ltr'><strong>qui</strong></span> <span class='ocrx_word' id='word_1_248' title='bbox 461 2656 575 2720; x_wconf 75' lang='lat' dir='ltr'><strong>gerentia</strong></span> <span class='ocrx_word' id='word_1_249' title='bbox 590 2656 696 2709; x_wconf 87' lang='lat' dir='ltr'><strong>mandata</strong></span> <span class='ocrx_word' id='word_1_250' title='bbox 714 2656 840 2724; x_wconf 83' lang='lat' dir='ltr'><strong>spontanei</strong></span> 
     </span>
     <span class='ocr_line' id='line_1_35' title="bbox 52 2726 839 2796; baseline -0.003 -14"><span class='ocrx_word' id='word_1_251' title='bbox 52 2733 105 2784; x_wconf 81' lang='lat' dir='ltr'><strong>uitae</strong></span> <span class='ocrx_word' id='word_1_252' title='bbox 118 2731 257 2796; x_wconf 80' lang='lat' dir='ltr'><strong>perfectioris</strong></span> <span class='ocrx_word' id='word_1_253' title='bbox 270 2729 381 2780; x_wconf 83' lang='lat' dir='ltr'><strong>electione</strong></span> <span class='ocrx_word' id='word_1_254' title='bbox 394 2729 563 2780; x_wconf 87' lang='lat' dir='ltr'><strong>transcendunt.</strong></span> <span class='ocrx_word' id='word_1_255' title='bbox 575 2726 642 2778; x_wconf 76' lang='lat' dir='ltr'><strong>»Sed</strong></span> <span class='ocrx_word' id='word_1_256' title='bbox 657 2727 714 2780; x_wconf 89' lang='lat' dir='ltr'><strong>mori</strong></span> <span class='ocrx_word' id='word_1_257' title='bbox 729 2740 770 2793; x_wconf 88' lang='lat' dir='ltr'><strong>pro</strong></span> <span class='ocrx_word' id='word_1_258' title='bbox 781 2740 839 2780; x_wconf 87' lang='lat' dir='ltr'><strong>con·</strong></span> 
     </span>
     <span class='ocr_line' id='line_1_36' title="bbox 54 2796 838 2866; baseline -0.005 -14"><span class='ocrx_word' id='word_1_259' title='bbox 54 2802 149 2852; x_wconf 85' lang='lat' dir='ltr'><strong>tessioue</strong></span> <span class='ocrx_word' id='word_1_260' title='bbox 164 2799 216 2852; x_wconf 83' lang='lat' dir='ltr'><strong>fidei</strong></span> <span class='ocrx_word' id='word_1_261' title='bbox 225 2799 359 2866; x_wconf 84' lang='lat' dir='ltr'><strong>quaudoque</strong></span> <span class='ocrx_word' id='word_1_262' title='bbox 372 2803 406 2850; x_wconf 91' lang='lat' dir='ltr'><strong>est</strong></span> <span class='ocrx_word' id='word_1_263' title='bbox 420 2797 575 2862; x_wconf 83' lang='lat' dir='ltr'><strong>necessitatis,</strong></span> <span class='ocrx_word' id='word_1_264' title='bbox 588 2809 634 2850; x_wconf 90' lang='lat' dir='ltr'><strong>nou</strong></span> <span class='ocrx_word' id='word_1_265' title='bbox 647 2796 838 2864; x_wconf 75' lang='lat' dir='ltr'><strong>superogationis,</strong></span> 
     </span>
     <span class='ocr_line' id='line_1_37' title="bbox 54 2867 839 2937; baseline 0 -15"><span class='ocrx_word' id='word_1_266' title='bbox 54 2875 81 2922; x_wconf 89' lang='lat' dir='ltr'><strong>ut</strong></span> <span class='ocrx_word' id='word_1_267' title='bbox 93 2874 152 2937; x_wconf 84' lang='lat' dir='ltr'><strong>patet</strong></span> <span class='ocrx_word' id='word_1_268' title='bbox 167 2883 196 2921; x_wconf 82' lang='lat' dir='ltr'><strong>ca</strong></span> <span class='ocrx_word' id='word_1_269' title='bbox 210 2871 253 2924; x_wconf 87' lang='lat' dir='ltr'><strong>boc</strong></span> <span class='ocrx_word' id='word_1_270' title='bbox 266 2870 326 2936; x_wconf 82' lang='lat' dir='ltr'><strong>quod</strong></span> <span class='ocrx_word' id='word_1_271' title='bbox 339 2869 421 2921; x_wconf 88' lang='lat' dir='ltr'><strong>dicitur</strong></span> <span class='ocrx_word' id='word_1_272' title='bbox 434 2871 514 2930; x_wconf 74' lang='lat' dir='ltr'><strong>idom„</strong></span> <span class='ocrx_word' id='word_1_273' title='bbox 526 2870 546 2922; x_wconf 81' lang='lat' dir='ltr'>x</span> <span class='ocrx_word' id='word_1_274' title='bbox 559 2885 567 2920; x_wconf 84' lang='lat' dir='ltr'><strong>a</strong></span> <span class='ocrx_word' id='word_1_275' title='bbox 579 2886 592 2918; x_wconf 85' lang='lat' dir='ltr'><strong>u</strong></span> <span class='ocrx_word' id='word_1_276' title='bbox 605 2867 679 2920; x_wconf 85' lang='lat' dir='ltr'><strong>corde</strong></span> <span class='ocrx_word' id='word_1_277' title='bbox 698 2869 794 2920; x_wconf 76' lang='lat' dir='ltr'><strong>aeditua</strong></span> <span class='ocrx_word' id='word_1_278' title='bbox 810 2869 839 2922; x_wconf 81' lang='lat' dir='ltr'><strong>td</strong></span> 
     </span>
    </p>

    <p class='ocr_par' dir='ltr' id='par_1_9' title="bbox 119 2951 730 2998">
     <span class='ocr_line' id='line_1_38' title="bbox 119 2951 730 2998; baseline 0 -8"><span class='ocrx_word' id='word_1_279' title='bbox 119 2953 168 2992; x_wconf 85' lang='lat' dir='ltr'><strong>viru.</strong></span> <span class='ocrx_word' id='word_1_280' title='bbox 701 2951 730 2998; x_wconf 74' lang='lat'><strong>20</strong></span> 
     </span>
    </p>
   </div>
   <div class='ocr_carea' id='block_1_6' title="bbox 0 0 995 3294">
    <p class='ocr_par' dir='ltr' id='par_1_10' title="bbox 0 0 995 3294">
     <span class='ocr_line' id='line_1_39' title="bbox 0 0 995 3294; baseline 0 0"><span class='ocrx_word' id='word_1_281' title='bbox 0 0 995 3294; x_wconf 95' lang='lat' dir='ltr'><strong> </strong></span> 
     </span>
    </p>
   </div>
  </div>
 </body>
</html>
