2026 3304
249 213 281 250 na
296 213 458 250 rnrnorrrrnro
474 213 633 250 naarnrrarrs.
796 205 842 255 lit

37 291 73 344 alii
90 291 250 352 coniungatur
260 288 305 340 alio
321 288 441 351 modo‚uel
452 288 577 340 secundnm
587 288 648 340 aliud
658 289 844 354 genusflelss-

11 362 137 414 cundum
153 360 226 410 alium
240 359 345 428 gradum.

11 433 95 486 nd
109 431 211 482 tertium
225 421 354 493 dicendum,
365 429 425 494 qudd
438 431 601 492 relationuand
604 443 662 494 oque
673 431 804 484 innascitur
814 445 845 484 ex

35 509 95 556 nolu
104 503 230 565 utriusque
239 501 342 562 extremr
353 500 411 552 sicut
421 501 546 565 paternitas
561 505 584 552 et
597 501 691 565 filiatio3
708 507 731 554 et
741 503 793 555 talis
803 517 845 556 re·

32 577 84 627 latio
95 579 134 627 est
143 573 250 624 realiter
245 587 269 624 ιιι
280 577 384 638 utroque.
395 575 533 637 Quandoque
542 574 597 626 vert
608 538 736 626 innaso'itur
744 589 774 628 ea
781 580 845 630 nolu

11 697 12 704 ,
32 647 127 698 alterius
155 642 261 706 tantim3
283 648 306 693 ot
325 645 369 694 lroe
396 645 509 706 contingit
528 644 650 708 dupliciter
670 661 677 696 ι
694 660 740 698 uno
762 649 844 712 modo,

33 720 126 784 quando
141 715 232 768 relatio.
246 717 370 766 innascitur
385 730 413 767 ex
429 721 493 766 motu
509 716 577 768 unius
598 717 648 768 sine
667 722 731 771 moto
751 719 846 770 alterius

33 792 67 844 rel
82 789 233 854 praecedente
246 788 283 838 uel
294 788 469 851 concomitante,
483 787 545 838 siout
557 789 582 838 in
593 793 695 840 creatore
709 794 733 840 et
743 795 846 844 ereatura

35 865 105 924 patet,
122 863 150 910 et
162 857 266 908 sensibili
280 861 302 908 et
316 871 395 922 sensu,
410 857 541 910 odedientia
554 863 581 910 et
596 859 683 922 scibili3
699 864 723 912 et
736 863 792 923 tune
806 873 845 913 ro-

35 933 87 982 latio
102 935 143 984 est
160 929 185 980 ιιι
198 943 244 981 uno
262 929 387 982 secumdum
400 944 466 994 rern,
480 935 504 982 et
517 931 541 980 in
552 930 622 982 altero
631 931 757 984 secundum
768 932 848 985 ratio-

36 1017 87 1054 nem
102 1001 272 1054 tantlmunlio
290 1003 373 1065 modo,
391 1002 483 1065 quando
499 1001 626 1053 innascitur
647 1015 675 1054 er
696 1007 759 1054 moni
776 1001 846 1056 uniam

35 1073 83 1124 sine
102 1075 171 1124 motu
188 1071 280 1122 alterius
294 1076 349 1122 tuno
362 1073 546 1134 aristomenon
558 1077 636 1124 tamen
650 1073 701 1124 sine
714 1077 846 1137 metopio-

36 1147 132 1196 eedente
140 1181 150 1208 ,
166 1142 226 1193 siout
247 1142 365 1206 aequalitas
380 1143 406 1192 fit
421 1144 479 1198 inter
490 1143 548 1196 duos
561 1145 665 1197 nomines
678 1157 719 1208 par
735 1157 848 1206 augmen

35 1219 84 1266 tum
96 1215 185 1276 unius,
202 1213 254 1264 sine
270 1213 387 1278 lrooqudd
400 1215 459 1265 alius
471 1219 526 1266 tune
542 1220 653 1278 augeatur
667 1215 703 1266 vel
717 1215 845 1279 minuatum

36 1289 76 1338 sed
88 1291 169 1338 tamen
185 1285 251 1350 prius
262 1287 291 1335 ad
300 1287 359 1335 hauc
373 1287 523 1350 quantitatem
535 1299 602 1349 quam
614 1287 684 1336 habet
695 1299 736 1349 par
747 1285 850 1348 aliquem

37 1362 126 1408 motum
141 1355 179 1408 vel
192 1357 341 1408 mutationem
353 1357 472 1421 pervenit3
489 1361 513 1407 et
522 1357 573 1406 ideo
590 1357 615 1406 in
629 1360 726 1420 utroque
735 1358 849 1408 extremo·

39 1443 87 1480 rum
102 1428 159 1480 talis
172 1427 256 1477 relatio
269 1427 360 1478 realiter
373 1429 489 1481 tundatur.
500 1429 529 1478 Et
542 1427 648 1478 similiter
657 1431 693 1478 est
710 1427 737 1477 de
753 1437 852 1480 conatu

40 1501 154 1565 punitate
169 1499 474 1563 etalfinitate,puiarelatio
487 1500 711 1563 fraternitatisque
725 1497 851 1552 innascitur

41 1573 118 1636 aliquo
135 1583 210 1636 puero
224 1576 278 1621 nato
290 1570 359 1620 alicui
370 1572 419 1636 jam
429 1574 553 1635 provecto„
565 1575 669 1622 causatu
688 1569 780 1634 oedem
800 1567 851 1624 aiat

11 1661 12 1716 ι
43 1650 106 1695 motu
124 1643 202 1706 ipsius
221 1647 276 1691 tune
289 1641 418 1704 existente,
432 1642 474 1702 sed
489 1655 519 1691 ex
532 1643 595 1700 motu
608 1639 680 1703 ipsius
691 1640 850 1704 praecedente,

11 1723 12 1738 ι
42 1715 132 1764 seilicet
155 1712 312 1776 generationis
329 1713 395 1776 ejus3
415 1713 459 1764 troc
475 1711 538 1762 enim
554 1710 637 1760 accidit
656 1710 717 1772 qudi
737 1723 766 1759 ex
786 1711 854 1761 motu

41 1784 137 1836 alterius
151 1783 198 1834 sibi
211 1787 266 1834 tunc
276 1785 327 1836 talis
336 1783 415 1834 relatio
429 1782 565 1834 innascitur
573 1779 684 1834 Similiter
693 1795 722 1832 er
734 1781 777 1832 hon
790 1778 853 1844 quod

41 1855 84 1907 iste
98 1855 221 1906 descendit
242 1868 284 1917 per
307 1857 479 1933 generationem
496 1853 609 1917 propriaue
630 1853 658 1902 alr
676 1853 756 1904 eadem
777 1851 854 1904 radice

11 1903 12 1964 l
44 1941 97 1978 cum
111 1925 178 1989 uiro,
197 1925 304 1990 prouenit
315 1927 436 1976 affinitas
431 1941 455 1976 ru
466 1924 517 1990 ipso
537 1925 567 1978 ad
582 1937 693 1988 uxorem,
709 1925 758 1976 sine
777 1923 855 1988 eliqua

11 2009 12 2040 l
44 2011 104 2050 nora
115 1997 262 2049 mutatione
256 1997 338 2062 rpsius.

350 2173 509 2224 nannenus
524 2171 555 2224 11,
623 2193 626 2196 ·

94 2299 187 2344 Utrum
200 2297 306 2354 optentur
320 2301 477 2354 summopore
486 2301 587 2342 mortona
595 2297 645 2343 etri
656 2300 699 2342 aot
713 2294 804 2340 omrai.

11 2439 12 2470 1
79 2427 115 2478 lld
133 2425 259 2476 secundum
282 2423 315 2474 sie
339 2423 476 2488 proceditur.
493 2423 587 2474 Videtur
609 2423 670 2486 quod
691 2420 789 2472 aldnltas
808 2431 856 2476 nort

50 2499 145 2548 maneat
157 2497 317 2560 postmortem
331 2493 375 2543 uiri
386 2495 446 2544 inter
460 2507 554 2544 uxorem
568 2498 591 2544 et
607 2492 788 2556 musanguineos
801 2490 858 2553 riri,

49 2569 86 2621 rel
95 2573 188 2620 eontra.
200 2567 258 2626 Quia
270 2568 397 2616 «cessante
407 2564 476 2616 caust
485 2570 558 2618 emeat
569 2565 685 2616 allectus»
698 2566 733 2625 (ut
742 2560 858 2616 lniroeen-

49 2639 139 2690 tinelli
154 2637 227 2700 dicit,
243 2638 313 2687 Extra
327 2637 363 2686 De
374 2635 508 2701 appellet..
523 2649 575 2700 oap.
591 2639 654 2687 Corn
668 2634 803 2698 cosmate).
813 2633 860 2688 Sed

50 2723 123 2762 causa
137 2709 256 2760 alluintls
275 2709 319 2758 luit
331 2707 513 2770 matrimonium,
528 2709 588 2772 quod
605 2711 680 2758 cessat
693 2709 745 2768 post
759 2708 857 2758 montena

50 2782 103 2845 riri,
116 2783 169 2844 quia
183 2785 258 2830 «tuno
271 2778 367 2831 solvitur
380 2778 462 2830 mulier
470 2778 484 2828 l
493 2779 544 2842 lege
555 2777 608 2840 uiri,
618 2793 632 2824 ι)
643 2780 669 2826 ιιι
678 2775 762 2828 dicitur
775 2777 859 2830 Rom„

53 2851 102 2904 vll,
120 2853 179 2916 ltrgo
190 2866 234 2904 nee
248 2852 348 2902 allinitas
362 2850 471 2914 predicta
482 2853 569 2900 manet.

85 2927 111 2980 a.
125 2925 254 2986 Praeterea,
269 2921 455 2985 consanguinitas
471 2923 549 2982 causat
572 2919 716 2978 ιιιιιιιιιιιιιιι.
736 2918 782 2968 Sei
801 2923 865 2966 eoa·
