1946 3318
259 181 289 216 un
304 180 435 222 conruens
452 181 644 223 usonennrrnn.
805 171 851 218 t'ts

42 255 94 310 est,
104 251 150 300 sed
164 253 256 314 propter
269 249 405 314 sapientiam
418 251 515 312 animae,
530 265 582 314 que
594 251 627 300 ibi
639 265 691 302 esse
705 253 851 315 presumitur

41 336 71 372 ex
91 321 208 384 temporis
221 321 362 386 antiquitate.
380 323 444 373 Unde
463 323 487 371 iu
507 322 586 373 eiectis
606 321 708 372 manebit
721 324 852 373 reverentia

41 393 175 442 senectutis
189 395 279 456 propter
293 392 459 456 plenitudinem
476 395 561 445 divinae
578 393 699 458 sapientie
714 394 852 457 querceis

42 463 106 524 erit,
122 464 222 513 sednon
235 463 335 517 monebit
346 465 472 514 senectutis
489 465 601 516 detectus.

77 535 114 584 td
127 535 253 586 sesumam
267 535 397 596 dicendum,
409 537 471 598 qnod
480 549 527 587 uon
536 537 650 599 loquimur
661 538 688 588 de
699 541 766 588 etate
779 549 852 600 quan-

43 612 103 674 tum‘
117 606 147 655 ad
166 619 286 656 nnmerum
303 619 428 670 annorum,
441 609 482 660 sed
502 614 611 671 quantum
631 609 659 659 ad
678 613 762 659 staturn
776 607 852 671 quiin

44 690 144 741 comere
165 679 265 728 hnmano
279 691 308 728 ex
329 679 395 728 aunis
407 678 551 741 relinquitur.
564 679 628 730 Unde
644 681 715 734 Adam
731 679 814 729 dicitnr
826 676 851 726 in

46 752 117 800 etate
127 747 226 808 juvenili
239 748 363 811 tornatus,
374 754 466 814 propter
478 751 547 800 talem
568 751 671 814 corporis
684 750 837 801 conditionem
843 785 852 812 ‚

47 833 117 882 quam
130 821 203 884 primo
218 821 253 870 die
268 821 409 872 tornationis
418 835 465 873 suae
479 821 568 874 henne.
581 823 610 872 Et
623 821 676 874 ideo
689 823 747 873 ratio
758 835 805 872 nou
816 825 853 871 est

47 893 75 942 ad
90 893 243 956 propositum.
600 907 602 914 ¹
887 901 888 904 ’

81 964 115 1013 nd
126 963 219 1014 tertium
228 963 365 1025 dicendum,
378 965 438 1029 qudd
452 965 525 1016 virtus
538 964 625 1029 speciei
638 964 722 1014 dicitnr
733 977 786 1014 esse
795 977 849 1028 per-

49 1036 131 1086 fectior
140 1038 163 1085 in
171 1049 246 1098 puero
257 1035 324 1098 quina
334 1037 359 1086 in
367 1038 452 1100 jurene
460 1077 466 1099 ,
475 1042 585 1101 qnantum
596 1038 623 1086 ad
633 1036 758 1086 efficaciam
770 1037 854 1099 agendi

48 1106 225 1158 conversionem
241 1107 343 1158 attinenti
355 1109 431 1172 aliquo
441 1111 517 1168 modo,
526 1108 585 1159 sicut
594 1107 665 1158 etiarn
679 1110 715 1156 est
727 1107 850 1169 perfectior

47 1180 73 1228 in
91 1177 181 1234 semine
201 1178 268 1241 quam
289 1179 314 1228 in
327 1180 420 1230 homine
439 1181 563 1243 complete,
581 1180 621 1229 sed
637 1179 662 1228 iu
673 1178 799 1240 juvenibus
817 1182 853 1227 est

48 1246 188 1312 perfectior,
204 1253 314 1312 pentum
326 1251 365 1299 ad
387 1251 509 1302 terminum
526 1248 775 1313 courptcnrenti.‘Unde
798 1247 854 1298 iliud

46 1320 111 1384 quod
126 1321 225 1370 marture
235 1322 263 1370 ad
272 1321 508 1389 veritateqhunane
518 1325 604 1371 natiue
617 1318 728 1384 pertinuit
737 1357 744 1379 ,
753 1319 780 1368 ed
790 1318 852 1368 iliani

49 1391 215 1454 perfectionem
231 1391 355 1442 deducetur
372 1408 439 1458 pam
458 1395 526 1444 habet
538 1392 564 1442 in
586 1397 653 1442 atate
671 1389 787 1454 juveniti3
807 1401 853 1438 nou

47 1464 77 1512 ad
92 1461 156 1513 idem
176 1475 244 1527 quem
254 1463 323 1514 habet
335 1464 361 1514 in
374 1469 442 1515 etate
455 1464 552 1528 puerili,
561 1463 586 1514 in
600 1476 645 1526 qne
659 1463 766 1512 humores
780 1460 853 1512 adhuc

48 1547 98 1584 non
113 1539 268 1597 pepuenerunt
279 1535 309 1586 ad
321 1535 424 1586 nltimam
439 1535 599 1599 digestionem.

357 1713 515 1764 rntttnttts
530 1713 560 1762 11.

128 1835 131 1844 '
177 1835 264 1880 Uirtus
277 1848 358 1881 omues
368 1841 494 1893 remanent
504 1837 608 1892 ejusdcm
620 1837 726 1879 statuto.

84 1961 117 2010 nd
132 1962 258 2012 secundm
267 1961 301 2012 sie
314 1961 558 2026 praestituendum
571 1961 630 2024 qutd
642 1973 722 2012 omrres
733 1964 854 2021 resurgent

3 2073 4 2086 r
52 2033 158 2096 ejusdem
170 2036 271 2084 staturae.
287 2033 351 2083 Sicut
366 2033 428 2083 enirn
443 2034 511 2084 homo
524 2036 668 2082 mensuratur
681 2031 809 2096 quantitate
820 2030 855 2078 di·

50 2101 170 2162 mensiud,
186 2102 218 2152 its
230 2104 356 2168 quantitate
370 2104 557 2155 deuotionissed
571 2103 686 2166 quantitas
697 2101 822 2152 durationis
832 2101 855 2148 in

52 2172 158 2224 omnibus
176 2175 295 2224 reducetur
316 2175 343 2226 ad
362 2177 466 2226 earndenn
488 2186 634 2226 mensuram.
651 2174 706 2237 quia
726 2183 806 2222 omnes
829 2171 854 2220 in

53 2243 134 2294 eadem
152 2248 218 2296 etate
231 2250 357 2309 resurgent.
373 2247 432 2310 drgo
446 2252 472 2297 et
483 2247 599 2310 quantitas
612 2243 793 2294 dimensionis'rn
807 2255 856 2292 out-

54 2315 121 2364 uibus
133 2317 256 2368 reducetur
269 2320 296 2368 sd
311 2319 414 2369 enrndern
429 2329 571 2380 mensnram,
590 2323 616 2367 ut
631 2317 655 2366 in
672 2317 750 2366 eadent
769 2317 855 2364 statura

54 2400 136 2437 omues
149 2393 276 2450 resurgant.

87 2462 111 2510 n,
126 2461 256 2523 preterea,
269 2461 422 2526 Philosophus
435 2463 460 2513 in
473 2463 493 2512 n
503 2463 540 2510 De
550 2461 648 2516 anima,
658 2459 713 2510 dicit
722 2459 791 2523 (tert.
803 2458 853 2518 tt),

54 2528 114 2591 qndd
130 2532 255 2582 «omniurn
269 2533 349 2584 uaturt
363 2535 516 2592 consentiunt
527 2532 640 2583 terminus
651 2538 687 2582 est
701 2534 724 2580 et
735 2530 793 2582 ratio
808 2541 855 2578 nra·

55 2600 180 2660 guitudiuis
193 2607 217 2652 et
231 2605 358 2666 augmenti.
373 2622 387 2652 u
405 2605 447 2656 Sed
464 2607 508 2656 iste
527 2603 638 2656 terminus
652 2614 698 2652 nnn
714 2605 761 2671 est1
768 2601 813 2650 nisi
827 2613 855 2650 er

54 2669 139 2722 uirtute
152 2673 247 2738 torma,
266 2675 303 2724 cui
315 2677 384 2726 debet
396 2689 520 2740 congruere
532 2675 657 2739 quantitas,
670 2673 729 2724 sicut
741 2676 765 2723 et
779 2672 857 2721 omnia

55 2741 98 2790 alia
109 2743 248 2796 inscidendo.
266 2748 324 2810 drgo
342 2747 394 2797 edm
415 2761 495 2799 omnes
512 2747 616 2798 homines
633 2745 732 2796 habeant
751 2744 855 2794 eamdem

54 2813 147 2864 formant
161 2817 303 2882 specificare,
314 2819 337 2868 in
352 2819 458 2870 omnibus
471 2819 538 2870 debet
547 2831 597 2868 esse
613 2816 738 2868 secundnm
753 2819 856 2865 nemnem

55 2885 132 2938 eadent
144 2889 280 2951 quantitatis
294 2903 418 2953 mensura,
434 2891 480 2942 nisi
494 2892 532 2942 sit
545 2903 624 2953 error,
640 2891 679 2940 sed
693 2901 755 2940 error
769 2891 856 2938 nature
