1980 3320
115 232 117 236 ,
135 181 177 230 'ta
314 193 514 244 ausrnumcnnma,
532 192 626 238 onaan.
643 193 667 244 n,
682 193 737 230 aar,
755 191 773 230 r.

136 283 187 332 cun
201 269 370 320 matrimonium
387 268 501 318 statuitur.
516 268 685 320 Matrimonium
695 271 781 330 autem,
797 268 952 332 inquantum

142 345 179 392 est
198 341 222 391 in
238 340 337 390 siricium
357 343 457 399 naturae,
475 341 582 389 statuitur
599 339 649 402 iege
672 343 773 402 natnrae3
788 340 813 390 in
831 344 951 404 qnantum

142 416 179 464 ast
190 413 365 471 sacramentnm,
373 410 478 461 statuitur
485 410 538 474 jure
552 409 642 473 diuin03
655 409 680 460 in
691 415 801 474 quantam
814 416 849 462 ast
857 412 882 461 in
891 413 950 462 eiti-

142 484 203 534 cinm
217 481 399 544 eornmnnitatis,
414 481 522 532 statuitur
534 483 585 546 lege
601 482 672 534 ciuili.
688 483 717 532 Et
731 483 783 534 ideo
799 497 827 534 ex
836 483 951 547 ouatibat

144 555 253 606 dictarum
266 555 343 616 tagram
356 557 432 617 potest
451 554 524 616 aliqua
542 567 638 617 persona
652 553 713 604 eitioi
726 555 753 604 ad
769 554 951 606 matrimonium

143 626 321 676 contrahendum
331 625 457 689 illegitima.
470 625 516 674 Nec
526 629 560 674 est
569 623 672 674 similiter
682 625 710 675 de
722 625 773 674 aliis
781 626 949 688 sacramentis,

140 709 192 760 quae
202 700 255 746 sunt
266 698 407 746 sacramenta
420 694 517 745 tantim.
532 697 562 744 Et
574 695 626 758 qnia
640 695 677 745 tex
690 695 801 746 nomimis
813 695 947 748 secundiani

138 765 243 816 diuersos
258 769 332 817 status
344 766 424 830 recipit
435 765 636 816 determinationes
646 767 757 826 diversas,
769 769 793 816 et
804 765 843 828 jus
856 765 952 828 positi-

140 849 193 886 vum
215 837 283 888 etiam
299 836 397 886 variatur
409 837 532 888 secantium
547 837 649 887 diversas
661 838 780 888 nominum
794 839 950 892 conditiones

140 905 164 956 in
178 906 273 958 dirersis
285 907 438 970 temporibus,
452 906 503 956 iden
516 907 622 970 Magister
638 907 686 970 (at.
699 909 821 962 Seniani..
834 907 888 958 dist.
898 913 944 972 itt)

140 977 207 1042 ponit
231 977 256 1026 in
274 977 372 1028 diuersis
393 979 533 1042 temporibus
554 979 656 1029 diuersas
677 967 787 1042 personas
807 979 947 1042 iiiegitirnas

141 1047 223 1099 faisse.
820 1085 821 1090 κ
934 1089 937 1094 .

171 1118 321 1182 atquinium
343 1119 479 1182 dicendum,
495 1119 553 1184 quod
569 1120 605 1170 len
624 1123 701 1184 potest
713 1121 799 1184 aliquid
818 1121 945 1186 prohibere

132 1188 177 1240 -ral
192 1190 352 1240 uniuersaliter
369 1191 405 1240 voi
419 1191 442 1240 in
453 1195 532 1255 parte,
548 1191 656 1253 qnantim
670 1193 698 1242 ad
713 1193 802 1256 atiquos
819 1205 896 1242 casius:
911 1195 945 1247 Et

133 1261 191 1312 a'deo
204 1262 264 1312 inter
279 1277 329 1311 esse
342 1262 458 1311 totaliter
469 1262 606 1312 secundnm
617 1261 709 1326 lupum,
721 1267 744 1313 et
755 1277 806 1312 esce
820 1261 947 1314 torrrttrer

137 1336 227 1382 contra
237 1333 324 1398 tepora,
340 1348 391 1396 qum
402 1337 456 1383 snrrt
469 1333 578 1384 contrarie
592 1333 704 1397 opposita,
714 1338 737 1384 et
751 1347 795 1384 non
810 1334 942 1388 meantium

138 1403 311 1456 affirmationem
325 1409 349 1456 et
366 1405 524 1467 negationem,
538 1403 597 1454 eadit
609 1405 710 1454 mettium
720 1420 771 1454 esec
782 1405 945 1468 aliqualiter·

137 1477 274 1526 orrannum
293 1477 374 1540 lepem
387 1479 412 1526 et
431 1475 582 1540 aliqualiter
594 1481 690 1526 contro.
703 1477 790 1542 teporo.
805 1477 835 1526 nt
844 1482 947 1540 propter

138 1547 183 1598 hoc
196 1551 313 1610 ponuntur
325 1547 427 1610 muriam
443 1557 546 1610 personas
563 1547 642 1598 medie
658 1547 718 1598 inter
731 1547 865 1612 simpliciter
881 1548 946 1614 legi»

137 1618 206 1668 timas
224 1625 247 1668 et
256 1619 317 1670 auter
332 1618 465 1682 simpliciter
477 1618 616 1682 illegitimas.

132 1684 141 1706 '
169 1691 202 1740 td
217 1695 306 1740 sextum
316 1691 450 1752 dicendum,
467 1689 577 1754 quoditie
591 1690 753 1754 impedimenta
767 1703 817 1754 qua
835 1703 880 1740 non
898 1693 943 1744 di-

137 1761 225 1811 rimunt
236 1761 405 1815 matrimonium
422 1765 578 1822 contractum,
592 1761 722 1825 impertiunt
731 1763 865 1826 quandoque
878 1775 941 1816 con·

137 1833 271 1882 trahendum
279 1871 287 1893 1,
301 1837 327 1882 ut
337 1833 437 1896 nuntiat,
450 1834 488 1883 sed
498 1837 523 1883 nt
534 1845 579 1884 non
589 1831 651 1883 licite
664 1833 719 1895 irat3
733 1835 842 1884 ettamen
855 1833 942 1899 sitiat,

137 1913 216 1952 verum
235 1902 403 1952 matrimonium
430 1906 569 1952 contractum
595 1907 645 1964 est,
667 1903 771 1966 quamuis
797 1905 943 1958 contrairens

137 1975 233 2037 peccet,
247 1973 306 2022 siout
318 1973 338 2023 si
348 1973 432 2036 aliquis
444 1977 588 2026 consecraret
598 1978 649 2037 post
662 1973 838 2035 comestionem,
850 1989 942 2037 peeca-

132 2048 173 2094 net
185 2047 262 2093 eontra
273 2047 381 2094 statutum
393 2045 499 2096 Ecclesiae
510 2045 605 2108 iaciens,
617 2044 764 2096 nihilominus
772 2059 848 2096 verum
860 2059 943 2100 mera·

133 2117 240 2164 amentum
250 2117 377 2178 perticensi,
392 2115 445 2180 qnia
456 2115 570 2180 jejrrrinm
581 2117 734 2166 consecrantis
744 2129 790 2166 non
804 2121 839 2166 est
849 2117 880 2167 de
893 2131 941 2172 ne·

137 2186 246 2239 seruato
257 2188 399 2238 sacramenti.
492 2221 494 2226 -
930 2205 936 2225 a

168 2259 202 2308 nn
221 2259 343 2322 septimum
358 2259 491 2320 direntium,
508 2257 568 2322 qnid
581 2257 743 2323 impedimenta
758 2259 866 2323 predicta
887 2273 941 2316 non

134 2325 243 2379 iteratur
263 2329 389 2379 dirimere
403 2331 598 2386 mantrimoniatm
612 2330 782 2384 contractam,
797 2331 863 2394 quaesi
883 2335 942 2386 sol.

134 2400 310 2450 cantianorum
332 2399 499 2452 matrimonium
519 2401 580 2464 qnod
598 2400 641 2450 rite
655 2404 808 2452 contractum
828 2405 878 2465 est,
894 2407 942 2458 scri

136 2469 190 2534 quia
203 2469 295 2521 solvunt
310 2471 479 2525 matrimonium
490 2471 550 2534 queri
565 2474 706 2522 contractum
721 2475 755 2522 est
774 2473 802 2522 cie
818 2473 881 2524 tarto
891 2491 907 2537 ,·
917 2482 945 2528 et

136 2553 182 2592 non
196 2541 295 2606 dejure.
312 2543 385 2605 Unde,
397 2544 416 2592 si
431 2541 620 2606 impedimentum
633 2541 723 2606 uinum
734 2543 878 2595 matrimonio
892 2545 941 2600 rite

131 2611 199 2662 ¹farrato
210 2613 371 2677 superveniat,
384 2613 550 2665 matrimonium
563 2613 651 2670 soluere
663 2627 708 2664 non
720 2614 791 2665 vaist.

167 2683 202 2734 ad
217 2687 322 2734 octavum
339 2685 477 2747 dicendum,
491 2684 551 2749 quiid
565 2683 726 2747 impedimenta
744 2687 827 2748 quinus
841 2687 940 2751 aliquoi

136 2753 220 2804 bonnm
239 2766 281 2818 per
294 2755 399 2806 accidens
412 2754 610 2818 impeditiosius
624 2753 728 2818 infinita,
744 2755 805 2806 sicot
816 2761 840 2806 ct
853 2770 940 2812 omues

134 2837 211 2876 nausa
224 2832 266 2890 per
282 2826 451 2876 condonasset
469 2838 543 2880 musa
560 2829 730 2890 erumpentes
745 2827 938 2890 narrationum

133 2908 176 2959 uer
190 2911 216 2949 ae
224 2933 234 2962 ,
242 2901 297 2948 sunt
309 2896 419 2958 ordinatas
429 2899 453 2946 st
461 2893 632 2958 nummatam,
643 2896 703 2950 sicut
712 2897 782 2948 etiam
791 2911 866 2951 causan
880 2913 939 2952 eous
