1998 3326
156 160 192 210 ont
302 168 504 218 communierunt,
523 166 617 211 cumen.
634 167 702 218 nutu,
719 169 773 206 our.
792 169 817 206 v.

192 249 217 296 t.
233 246 362 304 preterea,
375 243 430 296 iilud
440 243 500 304 quot
515 245 550 293 est
560 243 645 292 bouum
655 255 684 293 ex
699 255 781 306 genere
790 279 798 303 ,
808 242 966 296 nonettcitur

158 316 245 368 mulum
252 349 259 376 ,
275 314 358 365 nisiex
374 314 434 364 maia
445 313 572 364 intentione
583 314 630 364 itai.
646 315 688 366 Sed
701 319 766 365 actus
776 315 965 378 matrimonialis,

156 400 207 452 ouo
223 387 274 450 quis
292 385 408 448 cognoscit
428 396 508 446 suom,
523 387 558 435 ent
580 397 709 448 exgenere
728 385 810 436 bouus.
833 387 890 448 Ergo
914 398 967 438 non

161 462 300 522 potestesse
320 456 403 516 iunius,
417 455 463 505 nisi
477 456 536 506 mala
546 455 674 507 intentione
688 457 738 506 iiot.
755 457 799 508 Sed
816 460 890 520 potest
899 457 968 511 bona

159 529 288 580 intentione
304 527 367 590 iteri,
384 527 475 577 etiamsi
492 539 539 577 uon
554 528 658 578 intendat
674 527 764 591 aliquod
785 527 870 579 bonum
882 530 968 580 matri-

158 600 244 663 monii;
256 599 328 664 poti,
343 597 396 648 cim
409 598 461 661 quis
474 598 571 649 salutem
588 599 728 662 corporalem
741 613 783 663 per
804 601 848 651 tuoe
862 601 968 654 intendit

156 684 271 731 ceruam,
286 673 325 720 nui
347 668 464 732 consequi.
481 670 539 732 Ergo
559 669 650 720 videtur
668 669 744 734 quod,
762 671 831 720 etium
845 670 895 722 sine
912 685 968 724 ma·

162 743 262 793 trimouii
273 741 354 804 honis,
369 743 435 791 octus
448 739 486 790 iiie
503 741 579 805 poenit
592 741 704 792 exorari.

158 843 162 852 ·
195 814 240 864 Sed
257 816 350 874 contre,
374 810 491 862 «remoti
514 811 594 874 coust,
613 815 742 864 removetur
760 813 866 864 effoetus.
883 829 899 862 o
917 816 969 871 Seci

164 896 233 934 causa
248 881 376 934 honestatis
392 881 458 932 uctuis
475 881 648 932 matrimonialis
661 885 714 932 sunt
735 883 873 934 matrimonii
891 886 966 938 houm

161 955 220 1016 Ergo
231 954 281 1004 siue
295 953 331 1003 eis
340 965 387 1004 non
398 957 475 1017 potest
490 957 555 1004 nctus
572 953 747 1016 matrimonialis
761 956 872 1005 excusari.

195 1025 323 1084 Pretenea,
337 1035 384 1074 nou
404 1022 480 1072 differt
497 1027 561 1072 actus
579 1022 701 1087 predictus
715 1024 809 1074 abacto
823 1025 965 1092 fornicario,

164 1093 209 1146 nisi
229 1095 254 1146 in
273 1093 389 1160 predictis
406 1093 482 1144 bonis.
502 1094 548 1144 Sed
569 1094 703 1145 concubitus
720 1095 855 1161 fornicarius
873 1109 970 1160 semper

164 1170 199 1216 est
209 1166 291 1215 malus.
302 1165 374 1228 Ergo,
391 1165 411 1214 si
429 1177 476 1214 nou
487 1168 607 1215 excusetur
619 1163 733 1228 predictis
743 1165 820 1228 bonis,
833 1167 901 1216 etium
915 1181 969 1219 mu·

165 1235 299 1286 trimonialis
315 1239 378 1285 nctus
393 1247 482 1298 semper
496 1233 539 1285 erit
555 1234 637 1286 malus.
985 1233 986 1236 ’

199 1307 357 1368 (Coucuosio.
374 1308 487 1356 -—·rtetus
504 1304 677 1356 matrimonialis
696 1319 787 1370 semper
806 1305 924 1370 culpabitis
942 1315 971 1360 ct

59 1395 60 1399 ¹
159 1382 283 1441 ,peccatum
301 1381 349 1439 est,
364 1375 411 1426 nisi
425 1375 495 1440 protis
514 1375 612 1426 vintentio
631 1389 658 1426 ac
677 1382 755 1428 mutue
774 1375 834 1428 inter
853 1377 968 1441 coniuges

160 1449 222 1500 tides
234 1447 303 1502 uiuit.
315 1447 324 1510 )

158 1569 164 1588 ,Ι
197 1518 331 1582 Respontoo
343 1517 475 1578 dicendum,
489 1515 561 1581 qnod,
570 1517 631 1568 siout
643 1517 703 1568 hona
712 1518 868 1582 matrimonii,
881 1532 971 1572 secun·

164 1589 220 1640 olim
237 1588 297 1653 quod
308 1594 362 1640 sunt
375 1588 399 1638 iu
411 1588 511 1650 habitu,
524 1587 612 1638 iaciunt
626 1588 795 1640 metrimcnium
806 1590 970 1649 honestumet
985 1607 986 1624 ³

166 1665 287 1724 sanctum3
303 1659 335 1712 ito
351 1660 436 1725 etium,
457 1658 584 1710 secundum
598 1659 661 1723 quiid
677 1664 729 1710 sunt
746 1659 771 1710 in
791 1661 875 1710 notuali
890 1661 970 1715 inten-

163 1732 243 1795 tione,
255 1733 341 1783 iaciunt
354 1736 430 1782 ectum
450 1730 588 1782 matrimonii
598 1732 738 1794 honestum,
756 1731 864 1794 ouantium
880 1734 909 1783 ad
928 1734 972 1788 ilia

164 1803 211 1853 cino
234 1803 293 1854 bonu
315 1802 453 1854 matrimonii
475 1816 525 1866 qum
551 1801 625 1864 ipsius
647 1805 723 1852 uotum
745 1801 880 1866 respiciunt.
901 1804 970 1858 Unde

161 1873 257 1936 ouundo
273 1873 382 1936 conjuges
395 1873 535 1924 conueniunt
544 1885 611 1924 cause
625 1873 697 1936 protis
710 1874 873 1936 procreante,
892 1875 932 1926 uei
943 1882 971 1928 ut
985 1869 986 1874 ’

167 1943 210 1994 sibi
223 1943 323 1994 invicem
336 1943 439 1993 debitum
453 1943 565 2004 reddunt,
576 1943 636 2005 quoi
648 1943 676 1992 ad
688 1943 766 2006 fidem
776 1945 892 2008 pertinet,
908 1948 970 2000 tota-

167 2013 219 2064 liter
233 2017 371 2064 excusantur
384 2013 398 2063 iu
411 2017 514 2076 peccato.
528 2013 574 2064 Sed
590 2013 682 2064 tertium
695 2014 780 2064 honum
802 2029 849 2065 nou
867 2016 971 2078 pertinet

170 2085 197 2134 au
211 2097 278 2136 usum
293 2083 446 2145 matrimonii,
456 2083 495 2134 sed
509 2084 538 2133 od
550 2084 673 2134 essentiam
686 2081 767 2147 ipsius,
778 2089 803 2134 ut
816 2084 906 2136 dictum
920 2092 969 2150 est,

169 2158 213 2206 art.
229 2157 252 2206 3.
268 2154 331 2206 Unde
345 2154 399 2206 iecit
412 2155 488 2218 ipsum
501 2153 671 2205 matrimonium
686 2156 816 2214 honestum,
829 2167 876 2206 uon
888 2161 972 2210 autem

170 2229 244 2278 actum
261 2226 326 2290 eius,
340 2228 365 2274 ut
379 2237 419 2288 per
431 2225 475 2276 hoc
494 2229 558 2276 actus
571 2225 622 2288 ejus
636 2227 721 2290 ubsque
735 2228 831 2289 peccato
848 2227 969 2291 reddatur,

170 2294 223 2358 quin
235 2308 302 2348 couno
315 2294 412 2359 alicujus
423 2294 592 2358 significationis
606 2297 754 2349 conueniunt.
770 2297 798 2346 Et
814 2295 866 2346 ideo
877 2296 972 2352 dnobus

170 2364 224 2416 solis
233 2365 305 2417 modis
319 2365 429 2430 conjuges
441 2367 526 2430 absque
537 2366 599 2416 omni
610 2371 703 2430 peccato
717 2366 867 2428 conveniunt,
878 2367 972 2422 scilicet

169 2436 239 2486 causi
249 2437 392 2500 procreante
402 2436 473 2501 prolis
483 2441 506 2488 et
515 2437 587 2488 debiti
596 2437 713 2501 reddendi;
721 2435 777 2494 oliti
786 2439 862 2488 noem
876 2450 972 2504 semper

168 2509 205 2558 ont
217 2506 248 2558 ibi
263 2512 395 2572 peccatum,
410 2508 439 2560 ad
454 2507 529 2560 minius
542 2508 640 2560 uenioic.

197 2577 232 2631 nt
241 2578 338 2642 primum
347 2591 400 2642 ergo
414 2579 547 2641 dicendum,
558 2579 618 2642 quot
632 2579 732 2643 proteo,
747 2584 815 2644 prout
828 2585 864 2632 cst
880 2581 973 2634 honum

168 2649 317 2713 sacramenti,
333 2650 395 2706 addit
403 2664 472 2715 supra
483 2651 570 2716 prolem
585 2656 651 2714 orout
667 2655 703 2704 ost
721 2652 805 2704 bouum
823 2651 944 2704 intentum
958 2653 973 2707 it

167 2725 255 2771 natura.
275 2721 359 2773 Natura
372 2722 433 2772 cuim
454 2722 552 2774 intendit
572 2721 658 2785 prolem
677 2727 744 2787 prout
758 2723 783 2774 iu
800 2723 850 2787 ipsa
862 2723 972 2775 emuntur

167 2791 251 2843 bouum
268 2793 363 2858 speciei.
381 2793 425 2845 Sed
440 2793 464 2844 in
477 2793 541 2858 prole
554 2793 679 2845 secundini
695 2794 756 2860 quot
769 2795 905 2846 ostionem
925 2809 970 2847 so-

72 2909 74 2919 ,
168 2864 276 2916 crementi
288 2864 438 2930 matrimonii,
454 2864 570 2920 uiuauoc
583 2863 718 2931 intelligitur
730 2869 756 2921 ut
772 2865 848 2931 proice
861 2870 972 2932 susceptu
