1936 3306
196 117 208 135 ,
258 159 290 196 nit
306 157 445 196 sunnonis
461 157 617 197 nonroonuu.
791 151 836 199 8⁴1

40 236 126 300 mando
136 237 203 288 extra
218 245 301 299 eorpus
314 232 372 298 erit,
389 233 448 285 nihil
465 233 489 286 ei
508 247 638 287 accrescere
651 235 735 300 poterit
748 247 778 288 ex
794 237 837 288 ali·

40 307 117 372 qubus
131 307 249 374 operibus.

66 385 90 430 a.
99 381 230 443 rechrea,
246 379 290 431 hoc
302 378 363 429 iden
380 377 469 430 ridetur
484 391 513 430 ex
525 379 570 430 hoe
589 379 648 442 quod
662 378 742 430 dieitur
751 379 837 444 Apus„

38 452 88 502 iilv
103 467 137 502 :u
151 451 218 502 Beati
233 449 317 502 mortni
332 450 372 514 qui
388 450 413 501 in
427 449 522 502 homino
535 449 673 513 mouentum
693 452 837 516 operaenim

35 525 125 578 illorum
139 525 267 588 sequuntur
279 521 340 574 iilos
348 537 362 570 u

65 599 88 646 ³.
104 597 237 657 Praeterea,
250 595 360 660 prolicere
381 607 411 644 eu
427 588 495 658 opere
514 593 590 658 aliquo
606 597 641 646 ent
661 594 734 646 solum
758 595 783 646 iu
799 595 838 647 uia

37 665 166 718 existentis.
181 665 228 717 Sed
236 665 340 716 homiues
352 669 406 730 post
424 667 520 715 mortem
529 663 577 728 jam
591 677 638 716 non
653 669 708 716 sunt
719 665 836 730 inuras,

37 739 86 803 quia
97 740 127 790 de
136 738 175 788 his
185 738 229 788 hoc
239 735 372 800 intelligitur
382 735 443 800 quod
452 734 534 798 legitur
546 735 608 792 dod,
618 737 669 788 lllll
685 751 692 786 r
704 754 718 784 u
729 738 838 790 semim

38 823 108 860 neem
123 807 295 874 circumsepsit.
310 812 333 859 et
343 806 439 874 transire
452 820 499 858 nou
509 819 610 871 possum.
622 823 636 856 u
646 808 705 872 llrgo
717 809 798 860 mortui
810 813 838 863 de

38 883 150 945 suffragiis
163 881 261 945 alicujus
277 880 353 944 juvari
366 891 413 930 non
428 882 532 944 possunt.

66 957 90 1004 t.
100 955 241 1014 Praeterea,
256 950 331 1002 nullus
343 950 439 1014 juratur
451 963 480 1002 cx
494 963 564 1015 opero
575 949 668 1002 alterius
672 987 681 1013 ‚
696 951 741 1002 uisi
752 952 784 1004 sit
797 955 839 1005 ali·

38 1038 79 1089 qua
93 1025 152 1078 vitm
170 1023 346 1076 communicatio
361 1023 421 1074 iuter
439 1035 487 1074 eos.
502 1023 546 1074 Sed
561 1039 575 1070 u
588 1022 650 1072 nuilla
664 1025 838 1077 communicatio

38 1101 70 1147 est
80 1102 224 1149 mortuorum
235 1095 264 1145 ad
272 1095 368 1158 viroso
378 1095 504 1148 secuudum
513 1093 679 1160 Philosophum
689 1095 713 1144 in
723 1097 743 1145 1.
754 1098 836 1147 ilitio.

39 1170 102 1233 (cap.
116 1171 146 1218 11
169 1167 205 1218 uel
218 1168 277 1230 ιι).
289 1165 349 1233 lirgo
362 1164 471 1230 suffragia
488 1163 594 1216 urorum
607 1178 654 1217 nou
666 1169 764 1230 prosunt
775 1181 839 1220 mor-

38 1240 89 1291 tuis.

67 1313 112 1364 Sed
126 1314 267 1375 eontrnest,
281 1312 342 1375 qnod
355 1310 450 1362 hahetur
464 1311 497 1360 li.
509 1309 632 1367 Mertai„
646 1310 683 1361 x:
701 1311 806 1361 «sancta
816 1316 856 1364 et·

40 1383 133 1436 sduhns
148 1386 186 1434 est
198 1383 307 1448 cogitatio
318 1395 360 1445 pro
373 1381 487 1432 defunctis
497 1393 605 1444 exorare,
618 1385 644 1432 ut
657 1381 839 1445 dpeceatissol·

40 1459 128 1507 rantur.
149 1472 165 1504 u
186 1455 231 1506 Sed
251 1455 296 1506 hoe
318 1467 364 1505 non
380 1458 442 1506 esset
458 1453 528 1517 uile,
543 1451 589 1503 uisi
605 1466 646 1505 eos
658 1454 758 1517 jnraret.
779 1454 840 1518 Ergo

40 1527 146 1592 suffragia
160 1527 265 1578 uiuorum
281 1526 375 1578 mortuis
387 1527 492 1591 prosunt.

67 1600 196 1658 Praeterea,
213 1598 353 1662 Augustinus
367 1596 423 1648 dicit
436 1597 460 1647 in
478 1597 519 1648 nh.
534 1597 570 1647 De
590 1611 653 1646 curu
667 1612 713 1659 pro
728 1600 840 1650 mortuis

42 1673 138 1734 apecda
153 1673 222 1737 (cap.
234 1671 265 1733 ll
278 1687 284 1720 :
297 1671 369 1722 olion
379 1682 450 1734 purus
459 1669 615 1722 estuuiverse
625 1669 742 1735 Ecclesia,
753 1685 803 1735 qum
815 1672 839 1724 iu

41 1743 80 1795 hae
101 1743 269 1795 cousuetudine
282 1743 352 1794 claret
365 1743 502 1802 auewmtas,
517 1745 542 1792 ut
558 1741 584 1792 iu
597 1741 703 1805 precibus
716 1743 840 1796 sacerdotis

42 1828 88 1877 qua
101 1815 200 1868 Domino
209 1815 292 1866 ileo'ad
302 1815 353 1878 eJus
365 1813 434 1864 altare
443 1813 583 1876 tunduntur,
596 1813 670 1864 locum
681 1827 747 1865 suum
757 1813 840 1867 haheat

43 1886 106 1938 eiam
120 1887 288 1938 commendatio
297 1890 468 1936 mortuorum.»
483 1886 538 1946 Qum
549 1885 639 1949 qudem
655 1887 796 1937 consuetudo
809 1888 838 1938 ah

43 1956 95 2020 ipsis
110 1959 226 2024 llpostclis
238 1957 403 2020 inchoarit,ut
416 1957 470 2008 dicit
480 1958 633 2008 damascenus
645 1958 670 2008 iu
678 1959 776 2022 quodam
789 1971 840 2010 ser-

44 2041 107 2083 none
121 2033 159 2081 Dc
171 2030 311 2096 supraque,
320 2028 540 2089 mortuorum,'sic
548 2027 641 2080 dicens:
659 2030 838 2095 ullysteriorum

44 2101 128 2154 conscii
141 2101 397 2167 disprcll'Salratoris‚
411 2103 435 2151 et
449 2100 508 2150 sacri
520 2100 630 2165 aposloli,
642 2103 667 2151 in
682 2101 806 2152 tremendis
815 2105 839 2151 et

44 2172 136 2225 viviticis
149 2172 266 2240 mysteriis
278 2173 409 2224 memorium
422 2171 471 2223 lieri
483 2183 562 2223 comm
578 2171 617 2236 qui
630 2172 725 2224 fideliter
742 2172 839 2223 dormie-

45 2249 111 2309 runt,
125 2248 260 2296 sanxerunt.
275 2261 289 2292 u
308 2245 377 2304 Quod
388 2243 457 2295 etium
470 2257 511 2307 per
529 2243 660 2308 Dionysium
673 2246 737 2307 patet
749 2242 774 2292 iu
793 2244 835 2296 ult.

46 2328 91 2380 cap.
104 2317 198 2368 Erotes.
211 2317 345 2373 hierarch,
360 2315 399 2368 uhi
411 2315 480 2367 mium
491 2321 653 2367 commemorat
666 2327 712 2378 quo
722 2315 747 2365 in
759 2315 839 2380 primi-

46 2385 89 2438 tiva
101 2389 202 2441 Ecclesia
211 2402 253 2453 pro
266 2389 361 2440 mortuis
374 2388 495 2450 orabatur,
508 2387 547 2439 uhi
560 2387 630 2438 etiam
642 2387 762 2452 Dionysius
775 2399 839 2440 asse-

47 2457 72 2508 rit
87 2461 196 2525 sutfragia
207 2462 313 2512 uiuorum
326 2460 421 2512 munuis
432 2460 548 2525 prodesse.
559 2459 619 2522 Ergo
629 2459 673 2509 hoc
685 2459 839 2513 indubitanter

47 2533 177 2584 cmeudm
188 2537 233 2584 est.
296 2571 297 2576 ι

76 2605 231 2666 (corausto.
243 2632 274 2644 -
287 2604 346 2656 Cium
359 2603 458 2657 charitas
470 2615 587 2668 uunquam
599 2603 703 2667 excidat,
717 2615 786 2668 opera
799 2603 838 2653 vi-

49 2685 120 2727 rorum
136 2677 232 2730 mortuis
246 2681 342 2742 prosunt
355 2677 447 2742 quidem
459 2676 487 2728 ud
503 2687 577 2740 pene
590 2673 777 2738 diminutionem,
791 2689 838 2727 non

50 2749 118 2799 autern
131 2750 159 2802 ad
173 2749 248 2801 statuis
261 2749 420 2800 mutationem.
433 2748 442 2812 )

77 2819 210 2886 despondeo
227 2821 361 2885 handum,
380 2821 442 2886 qudd
459 2819 570 2882 charitas,
593 2830 644 2882 qne
666 2821 702 2870 est
723 2817 839 2868 vinculum

52 2887 152 2947 tunsis
173 2893 389 2959 membranulum,
406 2905 452 2947 uou
472 2891 546 2946 solim
561 2889 591 2944 ad
604 2889 669 2944 riuos
682 2904 708 2944 se
723 2888 839 2952 extendit,
