<?xml version="1.0" encoding="UTF-8"?>
<!DOCTYPE html PUBLIC "-//W3C//DTD XHTML 1.0 Transitional//EN"
    "http://www.w3.org/TR/xhtml1/DTD/xhtml1-transitional.dtd">
<html xmlns="http://www.w3.org/1999/xhtml" xml:lang="en" lang="en">
 <head>
  <title>
</title>
<meta http-equiv="Content-Type" content="text/html;charset=utf-8" />
  <meta name='ocr-system' content='tesseract 3.04.00' />
  <meta name='ocr-capabilities' content='ocr_page ocr_carea ocr_par ocr_line ocrx_word'/>
</head>
<body>
  <div class='ocr_page' id='page_1' title='image "./summatheologica06nicogoog_0207.png"; bbox 0 0 1966 3304; ppageno 0'>
   <div class='ocr_carea' id='block_1_1' title="bbox 141 154 858 216">
    <p class='ocr_par' dir='ltr' id='par_1_1' title="bbox 141 154 858 216">
     <span class='ocr_line' id='line_1_1' title="bbox 141 154 858 216; baseline 0.001 -13"><span class='ocrx_word' id='word_1_1' title='bbox 141 165 174 203; x_wconf 85' lang='lat' dir='ltr'><strong>nn</strong></span> <span class='ocrx_word' id='word_1_2' title='bbox 189 162 354 204; x_wconf 67' lang='lat' dir='ltr'><strong>manauco</strong></span> <span class='ocrx_word' id='word_1_3' title='bbox 367 162 520 206; x_wconf 75' lang='lat' dir='ltr'><strong>nummonm</strong></span> <span class='ocrx_word' id='word_1_4' title='bbox 532 164 706 216; x_wconf 75' lang='lat' dir='ltr'><strong>consummare,</strong></span> <span class='ocrx_word' id='word_1_5' title='bbox 721 165 774 204; x_wconf 84' lang='lat' dir='ltr'><strong>nnc.</strong></span> <span class='ocrx_word' id='word_1_6' title='bbox 812 154 858 204; x_wconf 77' lang='lat' dir='ltr'><strong>eta</strong></span> 
     </span>
    </p>
   </div>
   <div class='ocr_carea' id='block_1_2' title="bbox 1 241 872 2974">
    <p class='ocr_par' dir='ltr' id='par_1_2' title="bbox 52 241 861 450">
     <span class='ocr_line' id='line_1_2' title="bbox 54 241 859 308; baseline 0.002 -17"><span class='ocrx_word' id='word_1_7' title='bbox 54 244 125 305; x_wconf 93' lang='lat' dir='ltr'><strong>caput</strong></span> <span class='ocrx_word' id='word_1_8' title='bbox 137 241 236 305; x_wconf 87' lang='lat' dir='ltr'><strong>uxoris,</strong></span> <span class='ocrx_word' id='word_1_9' title='bbox 248 244 339 294; x_wconf 85' lang='lat' dir='ltr'><strong>tenetm</strong></span> <span class='ocrx_word' id='word_1_10' title='bbox 352 255 446 294; x_wconf 87' lang='lat' dir='ltr'><strong>uxorem</strong></span> <span class='ocrx_word' id='word_1_11' title='bbox 461 243 582 308; x_wconf 79' lang='lat' dir='ltr'><strong>corrigere.</strong></span> <span class='ocrx_word' id='word_1_12' title='bbox 601 243 646 294; x_wconf 86' lang='lat' dir='ltr'><strong>Sed</strong></span> <span class='ocrx_word' id='word_1_13' title='bbox 660 241 771 308; x_wconf 77' lang='lat' dir='ltr'>separatio</span> <span class='ocrx_word' id='word_1_14' title='bbox 784 242 798 292; x_wconf 83' lang='lat' dir='ltr'><strong>a</strong></span> <span class='ocrx_word' id='word_1_15' title='bbox 809 245 859 293; x_wconf 92' lang='lat' dir='ltr'><strong>toro</strong></span> 
     </span>
     <span class='ocr_line' id='line_1_3' title="bbox 53 312 861 379; baseline 0 -15"><span class='ocrx_word' id='word_1_16' title='bbox 53 317 87 364; x_wconf 78' lang='lat' dir='ltr'><strong>est</strong></span> <span class='ocrx_word' id='word_1_17' title='bbox 101 312 200 365; x_wconf 89' lang='lat' dir='ltr'><strong>inducta</strong></span> <span class='ocrx_word' id='word_1_18' title='bbox 219 314 248 364; x_wconf 91' lang='lat' dir='ltr'><strong>ad</strong></span> <span class='ocrx_word' id='word_1_19' title='bbox 265 314 428 368; x_wconf 68' lang='lat' dir='ltr'>correctionem</span> <span class='ocrx_word' id='word_1_20' title='bbox 445 314 524 368; x_wconf 86' lang='lat' dir='ltr'><strong>uxoris</strong></span> <span class='ocrx_word' id='word_1_21' title='bbox 542 313 684 368; x_wconf 79' lang='lat' dir='ltr'><strong>fornicantis.</strong></span> <span class='ocrx_word' id='word_1_22' title='bbox 698 315 757 379; x_wconf 76' lang='lat' dir='ltr'><strong>llrgo</strong></span> <span class='ocrx_word' id='word_1_23' title='bbox 770 315 861 365; x_wconf 91' lang='lat' dir='ltr'><strong>tenetur</strong></span> 
     </span>
     <span class='ocr_line' id='line_1_4' title="bbox 52 384 635 450; baseline 0.009 -15"><span class='ocrx_word' id='word_1_24' title='bbox 52 397 103 435; x_wconf 86' lang='lat' dir='ltr'><strong>eam</strong></span> <span class='ocrx_word' id='word_1_25' title='bbox 121 384 179 436; x_wconf 78' lang='lat' dir='ltr'><strong>ase</strong></span> <span class='ocrx_word' id='word_1_26' title='bbox 192 398 307 450; x_wconf 84' lang='lat' dir='ltr'><strong>separare.</strong></span> <span class='ocrx_word' id='word_1_27' title='bbox 516 442 519 447; x_wconf 67' lang='grc'><strong>,</strong></span> <span class='ocrx_word' id='word_1_28' title='bbox 616 393 635 440; x_wconf 77' lang='grc' dir='ltr'><strong><em>ο</em></strong></span> 
     </span>
    </p>

    <p class='ocr_par' dir='ltr' id='par_1_3' title="bbox 81 456 859 524">
     <span class='ocr_line' id='line_1_5' title="bbox 81 456 859 524; baseline 0 -18"><span class='ocrx_word' id='word_1_29' title='bbox 81 461 108 508; x_wconf 76' lang='lat'><strong>2.</strong></span> <span class='ocrx_word' id='word_1_30' title='bbox 124 457 261 521; x_wconf 79' lang='lat' dir='ltr'><strong>Praeterca,</strong></span> <span class='ocrx_word' id='word_1_31' title='bbox 277 456 316 522; x_wconf 92' lang='lat' dir='ltr'><strong>qni</strong></span> <span class='ocrx_word' id='word_1_32' title='bbox 329 459 445 511; x_wconf 77' lang='lat' dir='ltr'><strong>consentit</strong></span> <span class='ocrx_word' id='word_1_33' title='bbox 457 457 563 524; x_wconf 75' lang='lat' dir='ltr'><strong>peccanti</strong></span> <span class='ocrx_word' id='word_1_34' title='bbox 576 458 710 521; x_wconf 68' lang='lat' dir='ltr'><strong>mortaliter,</strong></span> <span class='ocrx_word' id='word_1_35' title='bbox 724 457 773 521; x_wconf 86' lang='lat' dir='ltr'><strong>ipse</strong></span> <span class='ocrx_word' id='word_1_36' title='bbox 790 457 859 508; x_wconf 87' lang='lat' dir='ltr'><strong>etiem</strong></span> 
     </span>
    </p>

    <p class='ocr_par' dir='ltr' id='par_1_4' title="bbox 1 528 858 1098">
     <span class='ocr_line' id='line_1_6' title="bbox 51 528 858 593; baseline 0 -15"><span class='ocrx_word' id='word_1_37' title='bbox 51 528 183 581; x_wconf 79' lang='lat' dir='ltr'><strong>mortaliter</strong></span> <span class='ocrx_word' id='word_1_38' title='bbox 193 537 280 593; x_wconf 87' lang='lat' dir='ltr'><strong>peccat.</strong></span> <span class='ocrx_word' id='word_1_39' title='bbox 293 529 385 581; x_wconf 80' lang='lat' dir='ltr'><strong>Sedula</strong></span> <span class='ocrx_word' id='word_1_40' title='bbox 398 530 499 582; x_wconf 88' lang='lat' dir='ltr'><strong>retinens</strong></span> <span class='ocrx_word' id='word_1_41' title='bbox 512 543 606 585; x_wconf 81' lang='lat' dir='ltr'><strong>uxorem</strong></span> <span class='ocrx_word' id='word_1_42' title='bbox 619 529 789 593; x_wconf 81' lang='lat' dir='ltr'><strong>fornicantem,</strong></span> <span class='ocrx_word' id='word_1_43' title='bbox 804 541 858 579; x_wconf 87' lang='lat' dir='ltr'><strong>con·-</strong></span> 
     </span>
     <span class='ocr_line' id='line_1_7' title="bbox 50 600 855 670; baseline 0 -19"><span class='ocrx_word' id='word_1_44' title='bbox 50 601 138 652; x_wconf 87' lang='lat' dir='ltr'><strong>semtire</strong></span> <span class='ocrx_word' id='word_1_45' title='bbox 152 600 179 652; x_wconf 92' lang='lat' dir='ltr'><strong>ei</strong></span> <span class='ocrx_word' id='word_1_46' title='bbox 191 601 291 666; x_wconf 81' lang='lat' dir='ltr'><strong>videtur,</strong></span> <span class='ocrx_word' id='word_1_47' title='bbox 301 605 327 654; x_wconf 92' lang='lat' dir='ltr'><strong>ut</strong></span> <span class='ocrx_word' id='word_1_48' title='bbox 340 601 541 656; x_wconf 86' lang='lat' dir='ltr'><strong>inlitteradieilur</strong></span> <span class='ocrx_word' id='word_1_49' title='bbox 552 607 561 669; x_wconf 78' lang='lat' dir='ltr'><strong>l</strong></span> <span class='ocrx_word' id='word_1_50' title='bbox 572 603 609 654; x_wconf 89' lang='lat' dir='ltr'><strong>ill.</strong></span> <span class='ocrx_word' id='word_1_51' title='bbox 621 603 702 662; x_wconf 73' lang='lat' dir='ltr'><strong>Senot,</strong></span> <span class='ocrx_word' id='word_1_52' title='bbox 715 600 769 654; x_wconf 89' lang='lat' dir='ltr'><strong>dist.</strong></span> <span class='ocrx_word' id='word_1_53' title='bbox 793 605 822 670; x_wconf 76' lang='lat'><strong>³5.</strong></span> <span class='ocrx_word' id='word_1_54' title='bbox 836 601 855 665; x_wconf 81' lang='lat' dir='ltr'><strong>t.</strong></span> 
     </span>
     <span class='ocr_line' id='line_1_8' title="bbox 51 672 509 739; baseline 0.007 -16"><span class='ocrx_word' id='word_1_55' title='bbox 51 673 113 738; x_wconf 75' lang='lat' dir='ltr'><strong>Ergo</strong></span> <span class='ocrx_word' id='word_1_56' title='bbox 127 677 219 738; x_wconf 85' lang='lat' dir='ltr'><strong>peccat,</strong></span> <span class='ocrx_word' id='word_1_57' title='bbox 235 672 281 724; x_wconf 92' lang='lat' dir='ltr'><strong>nisi</strong></span> <span class='ocrx_word' id='word_1_58' title='bbox 293 687 344 726; x_wconf 87' lang='lat' dir='ltr'><strong>eam</strong></span> <span class='ocrx_word' id='word_1_59' title='bbox 357 674 371 726; x_wconf 80' lang='lat' dir='ltr'><strong>a</strong></span> <span class='ocrx_word' id='word_1_60' title='bbox 384 688 409 726; x_wconf 90' lang='lat' dir='ltr'><strong>se</strong></span> <span class='ocrx_word' id='word_1_61' title='bbox 421 674 509 739; x_wconf 81' lang='lat' dir='ltr'><strong>ejiciat.</strong></span> 
     </span>
     <span class='ocr_line' id='line_1_9' title="bbox 1 746 856 811; baseline 0.005 -17"><span class='ocrx_word' id='word_1_62' title='bbox 1 761 3 774; x_wconf 93' lang='lat'><em>·</em></span> <span class='ocrx_word' id='word_1_63' title='bbox 84 750 108 795; x_wconf 82' lang='lat'><strong>3.</strong></span> <span class='ocrx_word' id='word_1_64' title='bbox 126 746 285 809; x_wconf 79' lang='lat' dir='ltr'><strong>Praeteree‚l.</strong></span> <span class='ocrx_word' id='word_1_65' title='bbox 297 746 333 796; x_wconf 85' lang='lat' dir='ltr'><strong>od</strong></span> <span class='ocrx_word' id='word_1_66' title='bbox 348 747 478 811; x_wconf 78' lang='lat' dir='ltr'><strong>Gor.,ll1,</strong></span> <span class='ocrx_word' id='word_1_67' title='bbox 492 746 575 798; x_wconf 82' lang='lat' dir='ltr'><strong>dicitur</strong></span> <span class='ocrx_word' id='word_1_68' title='bbox 590 761 623 797; x_wconf 84' lang='lat' dir='ltr'><strong>:u</strong></span> <span class='ocrx_word' id='word_1_69' title='bbox 633 747 678 807; x_wconf 81' lang='lat' dir='ltr'><strong>oni</strong></span> <span class='ocrx_word' id='word_1_70' title='bbox 688 747 788 798; x_wconf 78' lang='lat' dir='ltr'><strong>adheret</strong></span> <span class='ocrx_word' id='word_1_71' title='bbox 808 759 856 798; x_wconf 86' lang='lat' dir='ltr'><strong>me·</strong></span> 
     </span>
     <span class='ocr_line' id='line_1_10' title="bbox 52 817 854 886; baseline -0.002 -18"><span class='ocrx_word' id='word_1_72' title='bbox 52 817 149 878; x_wconf 78' lang='lat' dir='ltr'><strong>reiciet,</strong></span> <span class='ocrx_word' id='word_1_73' title='bbox 167 830 240 866; x_wconf 87' lang='lat' dir='ltr'><strong>unum</strong></span> <span class='ocrx_word' id='word_1_74' title='bbox 258 830 342 882; x_wconf 90' lang='lat' dir='ltr'><strong>corpus</strong></span> <span class='ocrx_word' id='word_1_75' title='bbox 358 817 465 869; x_wconf 80' lang='lat' dir='ltr'><strong>eflicitur.</strong></span> <span class='ocrx_word' id='word_1_76' title='bbox 480 820 613 871; x_wconf 81' lang='lat' dir='ltr'><strong>»sednon</strong></span> <span class='ocrx_word' id='word_1_77' title='bbox 631 822 707 886; x_wconf 86' lang='lat' dir='ltr'><strong>potest</strong></span> <span class='ocrx_word' id='word_1_78' title='bbox 726 817 809 882; x_wconf 91' lang='lat' dir='ltr'><strong>aliquis</strong></span> <span class='ocrx_word' id='word_1_79' title='bbox 824 817 854 867; x_wconf 87' lang='lat' dir='ltr'><strong>si·</strong></span> 
     </span>
     <span class='ocr_line' id='line_1_11' title="bbox 54 888 855 954; baseline 0.002 -16"><span class='ocrx_word' id='word_1_80' title='bbox 54 890 101 939; x_wconf 92' lang='lat' dir='ltr'><strong>mul</strong></span> <span class='ocrx_word' id='word_1_81' title='bbox 122 901 179 940; x_wconf 85' lang='lat' dir='ltr'><strong>csse</strong></span> <span class='ocrx_word' id='word_1_82' title='bbox 194 888 321 944; x_wconf 85' lang='lat' dir='ltr'><strong>membrum</strong></span> <span class='ocrx_word' id='word_1_83' title='bbox 335 890 462 941; x_wconf 86' lang='lat' dir='ltr'><strong>meretricis</strong></span> <span class='ocrx_word' id='word_1_84' title='bbox 474 895 497 941; x_wconf 91' lang='lat' dir='ltr'><strong>et</strong></span> <span class='ocrx_word' id='word_1_85' title='bbox 514 889 599 942; x_wconf 85' lang='lat' dir='ltr'><strong>Christi</strong></span> <span class='ocrx_word' id='word_1_86' title='bbox 609 927 616 954; x_wconf 89' lang='lat'><strong>,</strong></span> <span class='ocrx_word' id='word_1_87' title='bbox 628 895 655 940; x_wconf 91' lang='lat' dir='ltr'><strong>ut</strong></span> <span class='ocrx_word' id='word_1_88' title='bbox 666 889 752 942; x_wconf 85' lang='lat' dir='ltr'><strong>itidem</strong></span> <span class='ocrx_word' id='word_1_89' title='bbox 765 888 855 941; x_wconf 89' lang='lat' dir='ltr'><strong>dicitur.</strong></span> 
     </span>
     <span class='ocr_line' id='line_1_12' title="bbox 53 959 855 1028; baseline 0.001 -18"><span class='ocrx_word' id='word_1_90' title='bbox 53 961 113 1025; x_wconf 81' lang='lat' dir='ltr'><strong>Ergo</strong></span> <span class='ocrx_word' id='word_1_91' title='bbox 127 961 167 1010; x_wconf 74' lang='lat' dir='ltr'><strong>air</strong></span> <span class='ocrx_word' id='word_1_92' title='bbox 180 959 247 1011; x_wconf 81' lang='lat' dir='ltr'><strong>uxori</strong></span> <span class='ocrx_word' id='word_1_93' title='bbox 266 960 390 1012; x_wconf 84' lang='lat' dir='ltr'><strong>fornicanti</strong></span> <span class='ocrx_word' id='word_1_94' title='bbox 405 962 539 1026; x_wconf 74' lang='lat' dir='ltr'><strong>adherens,</strong></span> <span class='ocrx_word' id='word_1_95' title='bbox 555 962 681 1015; x_wconf 85' lang='lat' dir='ltr'><strong>membrum</strong></span> <span class='ocrx_word' id='word_1_96' title='bbox 701 959 786 1012; x_wconf 80' lang='lat' dir='ltr'><strong>Curiati</strong></span> <span class='ocrx_word' id='word_1_97' title='bbox 802 973 855 1028; x_wconf 83' lang='lat' dir='ltr'><strong>esse</strong></span> 
     </span>
     <span class='ocr_line' id='line_1_13' title="bbox 1 1031 493 1098; baseline 0.006 -16"><span class='ocrx_word' id='word_1_98' title='bbox 1 1081 3 1098; x_wconf 72' lang='lat'>‚</span> <span class='ocrx_word' id='word_1_99' title='bbox 54 1031 154 1094; x_wconf 83' lang='lat' dir='ltr'><strong>desiuit,</strong></span> <span class='ocrx_word' id='word_1_100' title='bbox 168 1032 239 1083; x_wconf 87' lang='lat' dir='ltr'><strong>etsie</strong></span> <span class='ocrx_word' id='word_1_101' title='bbox 258 1033 383 1084; x_wconf 89' lang='lat' dir='ltr'><strong>mortaliter</strong></span> <span class='ocrx_word' id='word_1_102' title='bbox 402 1038 493 1098; x_wconf 80' lang='lat' dir='ltr'><strong>peccat.</strong></span> 
     </span>
    </p>

    <p class='ocr_par' dir='ltr' id='par_1_5' title="bbox 54 1102 859 1457">
     <span class='ocr_line' id='line_1_14' title="bbox 86 1102 859 1169; baseline 0 -15"><span class='ocrx_word' id='word_1_103' title='bbox 86 1107 110 1154; x_wconf 86' lang='lat' dir='ltr'><strong>t.</strong></span> <span class='ocrx_word' id='word_1_104' title='bbox 126 1105 256 1168; x_wconf 82' lang='lat' dir='ltr'><strong>Praeterea,</strong></span> <span class='ocrx_word' id='word_1_105' title='bbox 271 1102 330 1154; x_wconf 77' lang='lat' dir='ltr'><strong>deut</strong></span> <span class='ocrx_word' id='word_1_106' title='bbox 342 1105 448 1169; x_wconf 78' lang='lat' dir='ltr'><strong>cognatio</strong></span> <span class='ocrx_word' id='word_1_107' title='bbox 458 1105 518 1158; x_wconf 89' lang='lat' dir='ltr'><strong>tollit</strong></span> <span class='ocrx_word' id='word_1_108' title='bbox 530 1105 647 1158; x_wconf 85' lang='lat' dir='ltr'><strong>uinculum</strong></span> <span class='ocrx_word' id='word_1_109' title='bbox 664 1103 815 1168; x_wconf 85' lang='lat' dir='ltr'><strong>matrimonii,</strong></span> <span class='ocrx_word' id='word_1_110' title='bbox 826 1103 859 1154; x_wconf 86' lang='lat' dir='ltr'><strong>ita</strong></span> 
     </span>
     <span class='ocr_line' id='line_1_15' title="bbox 54 1174 859 1242; baseline 0.001 -18"><span class='ocrx_word' id='word_1_111' title='bbox 54 1174 178 1227; x_wconf 82' lang='lat' dir='ltr'><strong>fornicatio</strong></span> <span class='ocrx_word' id='word_1_112' title='bbox 190 1179 280 1240; x_wconf 87' lang='lat' dir='ltr'><strong>separat</strong></span> <span class='ocrx_word' id='word_1_113' title='bbox 295 1175 378 1228; x_wconf 75' lang='lat' dir='ltr'><strong>atero.</strong></span> <span class='ocrx_word' id='word_1_114' title='bbox 389 1177 434 1228; x_wconf 88' lang='lat' dir='ltr'><strong>Sed</strong></span> <span class='ocrx_word' id='word_1_115' title='bbox 443 1181 563 1242; x_wconf 86' lang='lat' dir='ltr'><strong>postquem</strong></span> <span class='ocrx_word' id='word_1_116' title='bbox 574 1177 609 1228; x_wconf 85' lang='lat' dir='ltr'><strong>uir</strong></span> <span class='ocrx_word' id='word_1_117' title='bbox 621 1177 711 1230; x_wconf 87' lang='lat' dir='ltr'><strong>noverit</strong></span> <span class='ocrx_word' id='word_1_118' title='bbox 724 1174 859 1237; x_wconf 65' lang='lat' dir='ltr'><strong>mesanam-</strong></span> 
     </span>
     <span class='ocr_line' id='line_1_16' title="bbox 56 1245 859 1314; baseline 0.002 -18"><span class='ocrx_word' id='word_1_119' title='bbox 56 1245 153 1298; x_wconf 89' lang='lat' dir='ltr'><strong>nitatem</strong></span> <span class='ocrx_word' id='word_1_120' title='bbox 175 1246 213 1298; x_wconf 88' lang='lat' dir='ltr'><strong>sut</strong></span> <span class='ocrx_word' id='word_1_121' title='bbox 229 1247 258 1298; x_wconf 88' lang='lat' dir='ltr'><strong>ad</strong></span> <span class='ocrx_word' id='word_1_122' title='bbox 278 1261 391 1311; x_wconf 86' lang='lat' dir='ltr'><strong>uxorem,</strong></span> <span class='ocrx_word' id='word_1_123' title='bbox 406 1249 531 1302; x_wconf 80' lang='lat' dir='ltr'><strong>mortaliter</strong></span> <span class='ocrx_word' id='word_1_124' title='bbox 546 1252 640 1314; x_wconf 88' lang='lat' dir='ltr'><strong>peccat,</strong></span> <span class='ocrx_word' id='word_1_125' title='bbox 653 1249 704 1300; x_wconf 84' lang='lat' dir='ltr'><strong>eam</strong></span> <span class='ocrx_word' id='word_1_126' title='bbox 718 1259 859 1311; x_wconf 76' lang='lat' dir='ltr'><strong>cognoscens</strong></span> 
     </span>
     <span class='ocr_line' id='line_1_17' title="bbox 57 1317 858 1387; baseline 0.001 -20"><span class='ocrx_word' id='word_1_127' title='bbox 57 1317 187 1369; x_wconf 81' lang='lat' dir='ltr'><strong>carnaliter.</strong></span> <span class='ocrx_word' id='word_1_128' title='bbox 204 1320 264 1382; x_wconf 74' lang='lat' dir='ltr'><strong>drgo</strong></span> <span class='ocrx_word' id='word_1_129' title='bbox 275 1321 299 1370; x_wconf 91' lang='lat' dir='ltr'><strong>et</strong></span> <span class='ocrx_word' id='word_1_130' title='bbox 311 1320 331 1369; x_wconf 86' lang='lat' dir='ltr'><strong>si</strong></span> <span class='ocrx_word' id='word_1_131' title='bbox 342 1324 463 1384; x_wconf 78' lang='lat' dir='ltr'><strong>cognoscat</strong></span> <span class='ocrx_word' id='word_1_132' title='bbox 474 1333 581 1385; x_wconf 75' lang='lat' dir='ltr'><strong>niumm,</strong></span> <span class='ocrx_word' id='word_1_133' title='bbox 598 1325 717 1387; x_wconf 89' lang='lat' dir='ltr'><strong>postquam</strong></span> <span class='ocrx_word' id='word_1_134' title='bbox 730 1317 773 1371; x_wconf 91' lang='lat' dir='ltr'><strong>scit</strong></span> <span class='ocrx_word' id='word_1_135' title='bbox 784 1318 858 1382; x_wconf 84' lang='lat' dir='ltr'><strong>ipsam</strong></span> 
     </span>
     <span class='ocr_line' id='line_1_18' title="bbox 58 1389 522 1457; baseline 0.006 -18"><span class='ocrx_word' id='word_1_136' title='bbox 58 1402 107 1441; x_wconf 83' lang='lat' dir='ltr'><strong>csse</strong></span> <span class='ocrx_word' id='word_1_137' title='bbox 127 1389 283 1454; x_wconf 77' lang='lat' dir='ltr'><strong>fornicatam,</strong></span> <span class='ocrx_word' id='word_1_138' title='bbox 298 1392 423 1443; x_wconf 72' lang='lat' dir='ltr'><strong>notanter</strong></span> <span class='ocrx_word' id='word_1_139' title='bbox 436 1397 522 1457; x_wconf 86' lang='lat' dir='ltr'><strong>peccat.</strong></span> 
     </span>
    </p>

    <p class='ocr_par' dir='ltr' id='par_1_6' title="bbox 60 1461 859 1672">
     <span class='ocr_line' id='line_1_19' title="bbox 87 1461 859 1528; baseline -0.001 -16"><span class='ocrx_word' id='word_1_140' title='bbox 87 1467 111 1512; x_wconf 82' lang='lat' dir='ltr'><strong>e.</strong></span> <span class='ocrx_word' id='word_1_141' title='bbox 122 1463 172 1514; x_wconf 86' lang='lat' dir='ltr'><strong>sed</strong></span> <span class='ocrx_word' id='word_1_142' title='bbox 189 1465 270 1515; x_wconf 87' lang='lat' dir='ltr'><strong>contre</strong></span> <span class='ocrx_word' id='word_1_143' title='bbox 287 1464 408 1528; x_wconf 81' lang='lat' dir='ltr'><strong>est,quod</strong></span> <span class='ocrx_word' id='word_1_144' title='bbox 427 1465 485 1516; x_wconf 90' lang='lat' dir='ltr'><strong>dicit</strong></span> <span class='ocrx_word' id='word_1_145' title='bbox 499 1465 594 1527; x_wconf 87' lang='lat' dir='ltr'><strong>Glossa,</strong></span> <span class='ocrx_word' id='word_1_146' title='bbox 613 1465 633 1515; x_wconf 88' lang='lat' dir='ltr'><strong>l.</strong></span> <span class='ocrx_word' id='word_1_147' title='bbox 652 1465 721 1521; x_wconf 79' lang='lat' dir='ltr'><strong>Cor..</strong></span> <span class='ocrx_word' id='word_1_148' title='bbox 735 1462 784 1525; x_wconf 87' lang='lat' dir='ltr'><strong>llll,</strong></span> <span class='ocrx_word' id='word_1_149' title='bbox 798 1461 859 1524; x_wconf 86' lang='lat' dir='ltr'><strong>qnod</strong></span> 
     </span>
     <span class='ocr_line' id='line_1_20' title="bbox 62 1533 857 1606; baseline -0.003 -24"><span class='ocrx_word' id='word_1_150' title='bbox 62 1535 205 1586; x_wconf 79' lang='lat' dir='ltr'><strong>nilominus</strong></span> <span class='ocrx_word' id='word_1_151' title='bbox 223 1534 327 1600; x_wconf 85' lang='lat' dir='ltr'><strong>permisit</strong></span> <span class='ocrx_word' id='word_1_152' title='bbox 338 1533 406 1588; x_wconf 78' lang='lat' dir='ltr'><strong>causa</strong></span> <span class='ocrx_word' id='word_1_153' title='bbox 426 1535 582 1588; x_wconf 82' lang='lat' dir='ltr'><strong>fornicatiouis</strong></span> <span class='ocrx_word' id='word_1_154' title='bbox 601 1547 696 1588; x_wconf 85' lang='lat' dir='ltr'><strong>uxorem</strong></span> <span class='ocrx_word' id='word_1_155' title='bbox 710 1533 857 1606; x_wconf 80' lang='lat' dir='ltr'><strong>dimittere.»</strong></span> 
     </span>
     <span class='ocr_line' id='line_1_21' title="bbox 60 1604 414 1672; baseline 0.006 -15"><span class='ocrx_word' id='word_1_156' title='bbox 60 1604 116 1670; x_wconf 73' lang='lat' dir='ltr'><strong>Ergo</strong></span> <span class='ocrx_word' id='word_1_157' title='bbox 133 1617 183 1656; x_wconf 89' lang='lat' dir='ltr'><strong>non</strong></span> <span class='ocrx_word' id='word_1_158' title='bbox 196 1609 232 1658; x_wconf 88' lang='lat' dir='ltr'><strong>est</strong></span> <span class='ocrx_word' id='word_1_159' title='bbox 248 1605 274 1656; x_wconf 91' lang='lat' dir='ltr'><strong>in</strong></span> <span class='ocrx_word' id='word_1_160' title='bbox 291 1611 414 1672; x_wconf 84' lang='lat' dir='ltr'><strong>praecepto.</strong></span> 
     </span>
    </p>

    <p class='ocr_par' dir='ltr' id='par_1_7' title="bbox 1 1677 859 2106">
     <span class='ocr_line' id='line_1_22' title="bbox 89 1677 858 1744; baseline 0 -18"><span class='ocrx_word' id='word_1_161' title='bbox 89 1681 112 1728; x_wconf 83' lang='grc'><strong>6.</strong></span> <span class='ocrx_word' id='word_1_162' title='bbox 126 1679 256 1738; x_wconf 70' lang='lat' dir='ltr'><strong>procrea,</strong></span> <span class='ocrx_word' id='word_1_163' title='bbox 267 1677 362 1743; x_wconf 85' lang='lat' dir='ltr'><strong>quilibet</strong></span> <span class='ocrx_word' id='word_1_164' title='bbox 373 1683 448 1744; x_wconf 88' lang='lat' dir='ltr'><strong>potest</strong></span> <span class='ocrx_word' id='word_1_165' title='bbox 461 1680 575 1732; x_wconf 88' lang='lat' dir='ltr'><strong>dimittere</strong></span> <span class='ocrx_word' id='word_1_166' title='bbox 587 1679 654 1732; x_wconf 86' lang='lat' dir='ltr'><strong>aliter</strong></span> <span class='ocrx_word' id='word_1_167' title='bbox 662 1677 722 1743; x_wconf 93' lang='lat' dir='ltr'><strong>quod</strong></span> <span class='ocrx_word' id='word_1_168' title='bbox 733 1677 757 1728; x_wconf 87' lang='lat' dir='ltr'><strong>iu</strong></span> <span class='ocrx_word' id='word_1_169' title='bbox 772 1689 796 1728; x_wconf 88' lang='lat' dir='ltr'><strong>se</strong></span> <span class='ocrx_word' id='word_1_170' title='bbox 806 1689 858 1741; x_wconf 89' lang='lat' dir='ltr'><strong>pee-</strong></span> 
     </span>
     <span class='ocr_line' id='line_1_23' title="bbox 62 1749 859 1818; baseline -0.003 -17"><span class='ocrx_word' id='word_1_171' title='bbox 62 1749 128 1802; x_wconf 80' lang='lat' dir='ltr'><strong>avit.</strong></span> <span class='ocrx_word' id='word_1_172' title='bbox 144 1751 190 1802; x_wconf 83' lang='lat' dir='ltr'><strong>Sed</strong></span> <span class='ocrx_word' id='word_1_173' title='bbox 201 1763 260 1802; x_wconf 85' lang='lat' dir='ltr'><strong>uxor</strong></span> <span class='ocrx_word' id='word_1_174' title='bbox 272 1751 405 1804; x_wconf 85' lang='lat' dir='ltr'><strong>fornicando</strong></span> <span class='ocrx_word' id='word_1_175' title='bbox 416 1751 519 1818; x_wconf 85' lang='lat' dir='ltr'><strong>peccavit</strong></span> <span class='ocrx_word' id='word_1_176' title='bbox 526 1753 552 1804; x_wconf 96' lang='lat' dir='ltr'><strong>in</strong></span> <span class='ocrx_word' id='word_1_177' title='bbox 563 1753 646 1804; x_wconf 84' lang='lat' dir='ltr'><strong>uirum.</strong></span> <span class='ocrx_word' id='word_1_178' title='bbox 657 1752 716 1814; x_wconf 80' lang='lat' dir='ltr'><strong>Ergo</strong></span> <span class='ocrx_word' id='word_1_179' title='bbox 732 1750 769 1801; x_wconf 83' lang='lat' dir='ltr'><strong>uir</strong></span> <span class='ocrx_word' id='word_1_180' title='bbox 783 1752 859 1814; x_wconf 91' lang='lat' dir='ltr'><strong>potest</strong></span> 
     </span>
     <span class='ocr_line' id='line_1_24' title="bbox 61 1821 492 1888; baseline 0.007 -18"><span class='ocrx_word' id='word_1_181' title='bbox 61 1821 81 1870; x_wconf 91' lang='lat' dir='ltr'><strong>ei</strong></span> <span class='ocrx_word' id='word_1_182' title='bbox 93 1835 205 1888; x_wconf 83' lang='lat' dir='ltr'><strong>parcere,</strong></span> <span class='ocrx_word' id='word_1_183' title='bbox 218 1827 245 1874; x_wconf 96' lang='lat' dir='ltr'><strong>ut</strong></span> <span class='ocrx_word' id='word_1_184' title='bbox 258 1837 304 1876; x_wconf 92' lang='lat' dir='ltr'><strong>non</strong></span> <span class='ocrx_word' id='word_1_185' title='bbox 319 1823 418 1877; x_wconf 91' lang='lat' dir='ltr'><strong>dimittat</strong></span> <span class='ocrx_word' id='word_1_186' title='bbox 432 1837 492 1876; x_wconf 89' lang='lat' dir='ltr'><strong>eam.</strong></span> 
     </span>
     <span class='ocr_line' id='line_1_25' title="bbox 1 1891 857 1961; baseline -0.004 -16"><span class='ocrx_word' id='word_1_187' title='bbox 1 1914 2 1918; x_wconf 41' lang='lat'>¹</span> <span class='ocrx_word' id='word_1_188' title='bbox 91 1894 254 1959; x_wconf 75' lang='lat' dir='ltr'><strong>(Coucnusro.</strong></span> <span class='ocrx_word' id='word_1_189' title='bbox 265 1922 296 1934; x_wconf 93' lang='lat'><strong>·-</strong></span> <span class='ocrx_word' id='word_1_190' title='bbox 309 1895 442 1948; x_wconf 80' lang='lat' dir='ltr'><strong>Simonem</strong></span> <span class='ocrx_word' id='word_1_191' title='bbox 455 1896 578 1948; x_wconf 89' lang='lat' dir='ltr'><strong>adulteram</strong></span> <span class='ocrx_word' id='word_1_192' title='bbox 598 1896 709 1961; x_wconf 86' lang='lat' dir='ltr'><strong>poeniteat</strong></span> <span class='ocrx_word' id='word_1_193' title='bbox 723 1891 857 1945; x_wconf 86' lang='lat' dir='ltr'><strong>adulterium</strong></span> 
     </span>
     <span class='ocr_line' id='line_1_26' title="bbox 64 1965 856 2034; baseline -0.003 -19"><span class='ocrx_word' id='word_1_194' title='bbox 64 1965 221 2031; x_wconf 85' lang='lat' dir='ltr'><strong>commisisse,</strong></span> <span class='ocrx_word' id='word_1_195' title='bbox 235 1980 282 2018; x_wconf 90' lang='lat' dir='ltr'><strong>non</strong></span> <span class='ocrx_word' id='word_1_196' title='bbox 299 1971 391 2019; x_wconf 89' lang='lat' dir='ltr'><strong>tenetur</strong></span> <span class='ocrx_word' id='word_1_197' title='bbox 409 1967 444 2018; x_wconf 84' lang='lat' dir='ltr'><strong>vir</strong></span> <span class='ocrx_word' id='word_1_198' title='bbox 464 1983 492 2020; x_wconf 86' lang='lat' dir='ltr'><strong>er</strong></span> <span class='ocrx_word' id='word_1_199' title='bbox 510 1972 624 2034; x_wconf 83' lang='lat' dir='ltr'><strong>precepto</strong></span> <span class='ocrx_word' id='word_1_200' title='bbox 641 1968 704 2019; x_wconf 91' lang='lat' dir='ltr'><strong>illam</strong></span> <span class='ocrx_word' id='word_1_201' title='bbox 718 1966 856 2030; x_wconf 86' lang='lat' dir='ltr'><strong>relinquere.</strong></span> 
     </span>
     <span class='ocr_line' id='line_1_27' title="bbox 63 2036 766 2106; baseline 0.007 -19"><span class='ocrx_word' id='word_1_202' title='bbox 63 2036 101 2088; x_wconf 83' lang='lat' dir='ltr'><strong>Sin</strong></span> <span class='ocrx_word' id='word_1_203' title='bbox 120 2039 214 2101; x_wconf 82' lang='lat' dir='ltr'><strong>micina,</strong></span> <span class='ocrx_word' id='word_1_204' title='bbox 227 2043 334 2102; x_wconf 87' lang='lat' dir='ltr'><strong>tenetur,</strong></span> <span class='ocrx_word' id='word_1_205' title='bbox 348 2054 377 2092; x_wconf 91' lang='lat' dir='ltr'><strong>ne</strong></span> <span class='ocrx_word' id='word_1_206' title='bbox 387 2045 482 2106; x_wconf 88' lang='lat' dir='ltr'><strong>peceato</strong></span> <span class='ocrx_word' id='word_1_207' title='bbox 494 2042 623 2094; x_wconf 85' lang='lat' dir='ltr'><strong>consentire</strong></span> <span class='ocrx_word' id='word_1_208' title='bbox 636 2040 766 2101; x_wconf 83' lang='lat' dir='ltr'><strong>uideatur.)</strong></span> 
     </span>
    </p>

    <p class='ocr_par' dir='ltr' id='par_1_8' title="bbox 1 2108 872 2900">
     <span class='ocr_line' id='line_1_28' title="bbox 91 2108 859 2178; baseline -0.004 -17"><span class='ocrx_word' id='word_1_209' title='bbox 91 2110 225 2176; x_wconf 87' lang='lat' dir='ltr'><strong>ltespondeo</strong></span> <span class='ocrx_word' id='word_1_210' title='bbox 237 2112 373 2176; x_wconf 89' lang='lat' dir='ltr'><strong>dicendum,</strong></span> <span class='ocrx_word' id='word_1_211' title='bbox 388 2113 450 2178; x_wconf 85' lang='lat' dir='ltr'><strong>quod</strong></span> <span class='ocrx_word' id='word_1_212' title='bbox 469 2113 572 2167; x_wconf 87' lang='lat' dir='ltr'><strong>dimissio</strong></span> <span class='ocrx_word' id='word_1_213' title='bbox 586 2113 663 2166; x_wconf 75' lang='lat' dir='ltr'><strong>urens</strong></span> <span class='ocrx_word' id='word_1_214' title='bbox 677 2110 810 2165; x_wconf 80' lang='lat' dir='ltr'><strong>fornicantis</strong></span> <span class='ocrx_word' id='word_1_215' title='bbox 822 2108 859 2158; x_wconf 92' lang='lat' dir='ltr'><strong>in-</strong></span> 
     </span>
     <span class='ocr_line' id='line_1_29' title="bbox 1 2183 857 2250; baseline -0.006 -17"><span class='ocrx_word' id='word_1_216' title='bbox 1 2201 4 2248; x_wconf 61' lang='lat' dir='ltr'><strong>p</strong></span> <span class='ocrx_word' id='word_1_217' title='bbox 65 2183 162 2233; x_wconf 88' lang='lat' dir='ltr'><strong>troducta</strong></span> <span class='ocrx_word' id='word_1_218' title='bbox 170 2187 208 2235; x_wconf 89' lang='lat' dir='ltr'><strong>est</strong></span> <span class='ocrx_word' id='word_1_219' title='bbox 221 2184 250 2235; x_wconf 87' lang='lat' dir='ltr'><strong>ad</strong></span> <span class='ocrx_word' id='word_1_220' title='bbox 260 2185 418 2248; x_wconf 75' lang='lat' dir='ltr'><strong>corrigendum</strong></span> <span class='ocrx_word' id='word_1_221' title='bbox 435 2185 512 2237; x_wconf 83' lang='lat' dir='ltr'><strong>uxoris</strong></span> <span class='ocrx_word' id='word_1_222' title='bbox 525 2184 611 2238; x_wconf 84' lang='lat' dir='ltr'><strong>crimen</strong></span> <span class='ocrx_word' id='word_1_223' title='bbox 625 2198 667 2250; x_wconf 89' lang='lat' dir='ltr'><strong>pcr</strong></span> <span class='ocrx_word' id='word_1_224' title='bbox 676 2185 744 2236; x_wconf 89' lang='lat' dir='ltr'><strong>talem</strong></span> <span class='ocrx_word' id='word_1_225' title='bbox 755 2192 857 2248; x_wconf 72' lang='lat' dir='ltr'><strong>pedena</strong></span> 
     </span>
     <span class='ocr_line' id='line_1_30' title="bbox 65 2254 859 2323; baseline -0.003 -19"><span class='ocrx_word' id='word_1_226' title='bbox 65 2254 217 2308; x_wconf 82' lang='lat' dir='ltr'><strong>Pendentem</strong></span> <span class='ocrx_word' id='word_1_227' title='bbox 228 2256 343 2320; x_wconf 79' lang='lat' dir='ltr'><strong>corrigens</strong></span> <span class='ocrx_word' id='word_1_228' title='bbox 351 2270 397 2309; x_wconf 92' lang='lat' dir='ltr'><strong>non</strong></span> <span class='ocrx_word' id='word_1_229' title='bbox 412 2257 532 2323; x_wconf 85' lang='lat' dir='ltr'><strong>requiritur</strong></span> <span class='ocrx_word' id='word_1_230' title='bbox 545 2258 585 2309; x_wconf 87' lang='lat' dir='ltr'><strong>ubi</strong></span> <span class='ocrx_word' id='word_1_231' title='bbox 596 2254 725 2309; x_wconf 88' lang='lat' dir='ltr'><strong>emendatio</strong></span> <span class='ocrx_word' id='word_1_232' title='bbox 736 2256 785 2318; x_wconf 87' lang='lat' dir='ltr'><strong>jani</strong></span> <span class='ocrx_word' id='word_1_233' title='bbox 798 2264 859 2316; x_wconf 80' lang='lat' dir='ltr'><strong>pre-</strong></span> 
     </span>
     <span class='ocr_line' id='line_1_31' title="bbox 66 2325 859 2394; baseline -0.004 -17"><span class='ocrx_word' id='word_1_234' title='bbox 66 2325 135 2378; x_wconf 87' lang='lat' dir='ltr'><strong>cessit.</strong></span> <span class='ocrx_word' id='word_1_235' title='bbox 150 2328 180 2378; x_wconf 85' lang='lat' dir='ltr'><strong>llt</strong></span> <span class='ocrx_word' id='word_1_236' title='bbox 193 2328 253 2390; x_wconf 90' lang='lat' dir='ltr'><strong>ideo,</strong></span> <span class='ocrx_word' id='word_1_237' title='bbox 265 2327 285 2380; x_wconf 89' lang='lat' dir='ltr'><strong>si</strong></span> <span class='ocrx_word' id='word_1_238' title='bbox 300 2329 380 2380; x_wconf 89' lang='lat' dir='ltr'><strong>mulier</strong></span> <span class='ocrx_word' id='word_1_239' title='bbox 391 2329 420 2382; x_wconf 91' lang='lat' dir='ltr'><strong>de</strong></span> <span class='ocrx_word' id='word_1_240' title='bbox 431 2327 697 2394; x_wconf 66' lang='lat' dir='ltr'><strong>peremptorumque</strong></span> <span class='ocrx_word' id='word_1_241' title='bbox 706 2340 753 2380; x_wconf 94' lang='lat' dir='ltr'><strong>non</strong></span> <span class='ocrx_word' id='word_1_242' title='bbox 767 2327 859 2376; x_wconf 89' lang='lat' dir='ltr'><strong>tenetur</strong></span> 
     </span>
     <span class='ocr_line' id='line_1_32' title="bbox 66 2398 859 2467; baseline -0.003 -20"><span class='ocrx_word' id='word_1_243' title='bbox 66 2410 112 2448; x_wconf 87' lang='lat' dir='ltr'><strong>eam</strong></span> <span class='ocrx_word' id='word_1_244' title='bbox 123 2398 253 2465; x_wconf 80' lang='lat' dir='ltr'><strong>dimittere3</strong></span> <span class='ocrx_word' id='word_1_245' title='bbox 268 2399 289 2451; x_wconf 89' lang='lat' dir='ltr'><strong>si</strong></span> <span class='ocrx_word' id='word_1_246' title='bbox 302 2406 379 2453; x_wconf 87' lang='lat' dir='ltr'><strong>eutem</strong></span> <span class='ocrx_word' id='word_1_247' title='bbox 397 2413 444 2454; x_wconf 89' lang='lat' dir='ltr'><strong>uon</strong></span> <span class='ocrx_word' id='word_1_248' title='bbox 456 2401 581 2467; x_wconf 85' lang='lat' dir='ltr'><strong>pmniteat,</strong></span> <span class='ocrx_word' id='word_1_249' title='bbox 594 2404 702 2462; x_wconf 89' lang='lat' dir='ltr'><strong>tenetur,</strong></span> <span class='ocrx_word' id='word_1_250' title='bbox 721 2411 751 2448; x_wconf 92' lang='lat' dir='ltr'><strong>ne</strong></span> <span class='ocrx_word' id='word_1_251' title='bbox 764 2399 859 2462; x_wconf 91' lang='lat' dir='ltr'><strong>peccato</strong></span> 
     </span>
     <span class='ocr_line' id='line_1_33' title="bbox 66 2468 858 2536; baseline -0.004 -17"><span class='ocrx_word' id='word_1_252' title='bbox 66 2468 112 2531; x_wconf 83' lang='lat' dir='ltr'><strong>ejus</strong></span> <span class='ocrx_word' id='word_1_253' title='bbox 122 2470 250 2524; x_wconf 85' lang='lat' dir='ltr'><strong>consentire</strong></span> <span class='ocrx_word' id='word_1_254' title='bbox 267 2471 383 2536; x_wconf 68' lang='lat' dir='ltr'><strong>udatur,</strong></span> <span class='ocrx_word' id='word_1_255' title='bbox 397 2472 452 2524; x_wconf 81' lang='lat' dir='ltr'><strong>darm</strong></span> <span class='ocrx_word' id='word_1_256' title='bbox 464 2473 628 2526; x_wconf 87' lang='lat' dir='ltr'><strong>correctionem</strong></span> <span class='ocrx_word' id='word_1_257' title='bbox 641 2469 740 2523; x_wconf 77' lang='lat' dir='ltr'><strong>delium</strong></span> <span class='ocrx_word' id='word_1_258' title='bbox 759 2481 805 2520; x_wconf 90' lang='lat' dir='ltr'><strong>non</strong></span> <span class='ocrx_word' id='word_1_259' title='bbox 818 2479 858 2531; x_wconf 90' lang='lat' dir='ltr'><strong>ap-</strong></span> 
     </span>
     <span class='ocr_line' id='line_1_34' title="bbox 67 2541 872 2607; baseline 0.004 -3"><span class='ocrx_word' id='word_1_260' title='bbox 67 2541 134 2604; x_wconf 83' lang='lat' dir='ltr'><strong>ponit</strong></span> <span class='ocrx_word' id='word_1_261' title='bbox 541 2583 547 2599; x_wconf 84' lang='lat'>·</span> <span class='ocrx_word' id='word_1_262' title='bbox 865 2594 872 2607; x_wconf 87' lang='lat'><em>.</em></span> 
     </span>
     <span class='ocr_line' id='line_1_35' title="bbox 95 2611 857 2682; baseline -0.008 -14"><span class='ocrx_word' id='word_1_263' title='bbox 95 2617 127 2668; x_wconf 87' lang='lat' dir='ltr'><strong>td</strong></span> <span class='ocrx_word' id='word_1_264' title='bbox 139 2615 238 2681; x_wconf 91' lang='lat' dir='ltr'><strong>primum</strong></span> <span class='ocrx_word' id='word_1_265' title='bbox 250 2629 308 2682; x_wconf 77' lang='lat' dir='ltr'><strong>ergo</strong></span> <span class='ocrx_word' id='word_1_266' title='bbox 316 2617 446 2681; x_wconf 87' lang='lat' dir='ltr'><strong>dicendum,</strong></span> <span class='ocrx_word' id='word_1_267' title='bbox 454 2618 516 2682; x_wconf 83' lang='lat' dir='ltr'><strong>qudi</strong></span> <span class='ocrx_word' id='word_1_268' title='bbox 525 2621 644 2682; x_wconf 83' lang='lat' dir='ltr'><strong>paccatum</strong></span> <span class='ocrx_word' id='word_1_269' title='bbox 657 2612 818 2666; x_wconf 79' lang='lat' dir='ltr'><strong>fornicationis</strong></span> <span class='ocrx_word' id='word_1_270' title='bbox 831 2611 857 2662; x_wconf 91' lang='lat' dir='ltr'><strong>in</strong></span> 
     </span>
     <span class='ocr_line' id='line_1_36' title="bbox 67 2683 857 2754; baseline -0.006 -17"><span class='ocrx_word' id='word_1_271' title='bbox 67 2699 131 2738; x_wconf 79' lang='lat' dir='ltr'><strong>uxore</strong></span> <span class='ocrx_word' id='word_1_272' title='bbox 140 2692 216 2752; x_wconf 81' lang='lat' dir='ltr'><strong>potest</strong></span> <span class='ocrx_word' id='word_1_273' title='bbox 226 2688 321 2753; x_wconf 70' lang='lat' dir='ltr'><strong>compi,</strong></span> <span class='ocrx_word' id='word_1_274' title='bbox 336 2703 383 2742; x_wconf 91' lang='lat' dir='ltr'><strong>non</strong></span> <span class='ocrx_word' id='word_1_275' title='bbox 396 2689 485 2740; x_wconf 83' lang='lat' dir='ltr'><strong>tentum</strong></span> <span class='ocrx_word' id='word_1_276' title='bbox 495 2689 536 2740; x_wconf 90' lang='lat' dir='ltr'><strong>tali</strong></span> <span class='ocrx_word' id='word_1_277' title='bbox 549 2701 632 2754; x_wconf 87' lang='lat' dir='ltr'><strong>poena,</strong></span> <span class='ocrx_word' id='word_1_278' title='bbox 647 2685 767 2738; x_wconf 86' lang='lat' dir='ltr'><strong>sedetiam</strong></span> <span class='ocrx_word' id='word_1_279' title='bbox 780 2683 857 2734; x_wconf 82' lang='lat' dir='ltr'><strong>verbis</strong></span> 
     </span>
     <span class='ocr_line' id='line_1_37' title="bbox 67 2757 859 2825; baseline -0.006 -15"><span class='ocrx_word' id='word_1_280' title='bbox 67 2761 88 2810; x_wconf 91' lang='lat' dir='ltr'><strong>et</strong></span> <span class='ocrx_word' id='word_1_281' title='bbox 98 2760 197 2812; x_wconf 73' lang='lat' dir='ltr'><strong>seruere.</strong></span> <span class='ocrx_word' id='word_1_282' title='bbox 211 2761 317 2825; x_wconf 82' lang='lat' dir='ltr'><strong>Etideo,</strong></span> <span class='ocrx_word' id='word_1_283' title='bbox 333 2762 354 2813; x_wconf 87' lang='lat' dir='ltr'><strong>si</strong></span> <span class='ocrx_word' id='word_1_284' title='bbox 365 2760 422 2812; x_wconf 81' lang='lat' dir='ltr'><strong>alias</strong></span> <span class='ocrx_word' id='word_1_285' title='bbox 442 2761 472 2811; x_wconf 89' lang='lat' dir='ltr'><strong>ad</strong></span> <span class='ocrx_word' id='word_1_286' title='bbox 482 2761 644 2812; x_wconf 88' lang='lat' dir='ltr'><strong>correctionem</strong></span> <span class='ocrx_word' id='word_1_287' title='bbox 659 2757 690 2809; x_wconf 87' lang='lat' dir='ltr'><strong>sit</strong></span> <span class='ocrx_word' id='word_1_288' title='bbox 699 2761 794 2823; x_wconf 86' lang='lat' dir='ltr'><strong>parata,</strong></span> <span class='ocrx_word' id='word_1_289' title='bbox 812 2768 859 2806; x_wconf 92' lang='lat' dir='ltr'><strong>non</strong></span> 
     </span>
     <span class='ocr_line' id='line_1_38' title="bbox 68 2826 856 2900; baseline -0.006 -19"><span class='ocrx_word' id='word_1_290' title='bbox 68 2834 150 2882; x_wconf 86' lang='lat' dir='ltr'><strong>tenetur</strong></span> <span class='ocrx_word' id='word_1_291' title='bbox 166 2834 199 2885; x_wconf 82' lang='lat' dir='ltr'><strong>uir</strong></span> <span class='ocrx_word' id='word_1_292' title='bbox 213 2833 345 2900; x_wconf 83' lang='lat' dir='ltr'><strong>praedictam</strong></span> <span class='ocrx_word' id='word_1_293' title='bbox 359 2847 452 2899; x_wconf 88' lang='lat' dir='ltr'><strong>poenam</strong></span> <span class='ocrx_word' id='word_1_294' title='bbox 461 2833 489 2884; x_wconf 88' lang='lat' dir='ltr'><strong>ad</strong></span> <span class='ocrx_word' id='word_1_295' title='bbox 501 2833 552 2896; x_wconf 85' lang='lat' dir='ltr'><strong>ejus</strong></span> <span class='ocrx_word' id='word_1_296' title='bbox 564 2830 727 2884; x_wconf 88' lang='lat' dir='ltr'><strong>correctionem</strong></span> <span class='ocrx_word' id='word_1_297' title='bbox 741 2826 856 2879; x_wconf 84' lang='lat' dir='ltr'><strong>adhibere.</strong></span> 
     </span>
    </p>

    <p class='ocr_par' dir='ltr' id='par_1_9' title="bbox 96 2897 858 2974">
     <span class='ocr_line' id='line_1_39' title="bbox 96 2897 858 2974; baseline -0.01 -19"><span class='ocrx_word' id='word_1_298' title='bbox 96 2904 128 2956; x_wconf 80' lang='lat' dir='ltr'><strong>td</strong></span> <span class='ocrx_word' id='word_1_299' title='bbox 135 2905 256 2960; x_wconf 72' lang='lat' dir='ltr'><strong>secundm</strong></span> <span class='ocrx_word' id='word_1_300' title='bbox 266 2905 388 2961; x_wconf 88' lang='lat' dir='ltr'><strong>dicendum</strong></span> <span class='ocrx_word' id='word_1_301' title='bbox 398 2904 476 2974; x_wconf 85' lang='lat' dir='ltr'><strong>,quod</strong></span> <span class='ocrx_word' id='word_1_302' title='bbox 489 2907 548 2958; x_wconf 87' lang='lat' dir='ltr'><strong>tunc</strong></span> <span class='ocrx_word' id='word_1_303' title='bbox 558 2904 594 2958; x_wconf 86' lang='lat' dir='ltr'><strong>uir</strong></span> <span class='ocrx_word' id='word_1_304' title='bbox 604 2902 670 2958; x_wconf 83' lang='lat' dir='ltr'><strong>mort</strong></span> <span class='ocrx_word' id='word_1_305' title='bbox 680 2899 809 2956; x_wconf 74' lang='lat' dir='ltr'><strong>consomire</strong></span> <span class='ocrx_word' id='word_1_306' title='bbox 821 2897 858 2948; x_wconf 50' lang='lat' dir='ltr'><strong>vin</strong></span> 
     </span>
    </p>
   </div>
   <div class='ocr_carea' id='block_1_3' title="bbox 0 0 1003 3304">
    <p class='ocr_par' dir='ltr' id='par_1_10' title="bbox 0 0 1003 3304">
     <span class='ocr_line' id='line_1_40' title="bbox 0 0 1003 3304; baseline 0 0"><span class='ocrx_word' id='word_1_307' title='bbox 0 0 1003 3304; x_wconf 95' lang='lat' dir='ltr'><strong> </strong></span> 
     </span>
    </p>
   </div>
  </div>
 </body>
</html>
