1998 3326
217 227 221 235 -
251 205 284 242 us
296 197 459 242 rnrnorlrunro
473 203 529 244 vonl
545 205 574 242 un
591 203 697 244 ouururs.
830 197 875 246 lot

61 279 312 346 memorantium
330 281 421 330 modum
434 281 536 345 ligandi,
552 282 721 333 matrimonium
740 285 776 334 est
794 281 876 334 lortius

65 352 190 402 uinculum
198 351 269 416 quim
278 353 358 402 uotum
369 351 472 416 simplex,
484 353 536 416 quia
547 365 588 418 per
597 353 766 404 matrimonium
779 353 875 405 traditur

62 421 190 474 actualiter
208 422 246 471 nir
265 421 291 471 iu
312 425 449 486 potestatem
467 423 559 486 uxoris,
573 436 619 474 nou
639 428 713 475 autem
736 438 778 488 per
797 427 878 476 votum

58 494 181 560 simplex,
198 498 226 544 ut
247 495 335 544 dictum
353 497 398 545 est.
413 495 491 546 Potior
512 500 589 546 autern
608 501 644 548 est
665 510 755 560 semper
773 497 874 549 conditio

62 565 218 631 possidentis.
231 567 277 618 Sed
293 565 402 629 quantiam
419 567 447 617 ad
460 569 517 631 hoo,
529 567 598 618 simili
613 569 679 620 modo
694 569 779 632 obligat
795 573 874 620 uotum

63 638 170 702 simplex
189 637 249 688 siout
264 636 393 702 sponsalia3
413 639 474 690 unde
494 643 587 703 proptor
606 643 685 690 votum
703 640 800 705 simplex
822 645 876 694 tunt

61 709 187 774 sponsalia
201 707 337 759 dirimenda.

13 787 14 800 ι
97 781 135 830 ιι
151 779 279 829 secuudum
292 779 427 842 dicendum,
440 778 501 844 qu'od
510 783 647 844 praecaptum
660 781 782 844 prohibens
793 783 874 834 matri·

69 2575 86 2625 ,

60 851 175 902 -ιιιοιιιιιιιι
189 849 251 900 iuter
259 849 455 914 consanguineos,
465 860 512 901 uon
522 851 603 910 habet,
617 851 759 915 inquantum
769 856 874 916 estprae-

61 927 166 986 ceptum
180 921 222 972 liei
236 922 272 972 uel
285 923 408 985 Ecclesiae,
420 922 481 986 quod
500 921 589 972 dirimat
605 922 772 973 matrimonium
786 927 875 976 coutra-

62 993 184 1055 liendum‚
197 993 236 1042 sed
249 991 392 1056 inquantum
406 993 462 1043 lacit
473 991 534 1057 quod
548 992 723 1056 consanguinee
735 1006 816 1058 corpus
829 1007 876 1046 uon

61 1063 144 1130 possit
167 1063 263 1114 transire
280 1063 305 1114 iu
320 1067 457 1127 potestatem
477 1062 649 1127 consanguinei.
666 1065 714 1114 lloc
731 1067 807 1115 autem
828 1077 875 1116 non

61 1135 125 1186 tacit
136 1137 277 1200 preceptum
294 1135 417 1199 prohibens
425 1134 593 1186 matrimonium
607 1137 660 1200 post
676 1138 754 1184 votum
768 1135 875 1200 simplex,

62 1209 93 1256 ιιι
107 1219 139 1258 ex
153 1204 224 1256 dictis
236 1208 310 1270 patet.
325 1205 354 1256 Et
367 1207 419 1258 ideo
437 1205 496 1258 ratio
513 1218 560 1257 uon
576 1205 693 1270 sequitur3
706 1205 800 1270 ponitur
815 1208 874 1258 euim

63 1289 110 1342 pro
119 1289 191 1328 causa
205 1277 266 1339 quod
279 1289 326 1328 uon
344 1281 379 1329 est
390 1289 467 1328 causa.

100 1349 135 1399 ild
146 1347 242 1398 tertium
258 1348 379 1398 dicendum
389 1386 395 1412 ‚
405 1347 465 1412 qudd
476 1349 514 1398 ille
528 1348 569 1412 qui
580 1347 693 1399 contrahit
706 1347 874 1400 matrimonium

64 1432 110 1484 per
118 1417 193 1470 uerba
202 1418 230 1468 de
239 1417 348 1482 prasenti
360 1423 412 1483 post
421 1422 499 1471 votum
510 1419 623 1483 simplex,
634 1431 682 1470 non
692 1422 768 1483 potest
780 1431 876 1482 cognos·

65 1503 122 1542 cere
140 1501 240 1540 uxorem
258 1501 323 1539 suam
336 1489 385 1540 siue
401 1493 500 1552 peccam
517 1489 623 1550 mortali,
637 1489 693 1552 quia
710 1491 785 1540 adhuc
804 1494 876 1541 restat

64 1561 114 1626 ipsi
129 1560 229 1610 facultas
247 1559 356 1623 implendi
370 1565 448 1611 uotum
459 1559 619 1620 continentiae,
633 1563 687 1610 ante
704 1560 876 1612 matrimonium

66 1634 267 1686 consummatum.
279 1633 324 1682 Sed
333 1635 453 1696 postquam
463 1629 632 1682 matrimonium
642 1635 874 1694 consummatumcst,

66 1709 107 1757 est
124 1702 150 1756 ci
162 1703 212 1767 jam
226 1702 312 1752 lactum
326 1701 429 1753 illicitum
443 1715 490 1753 non
509 1701 602 1752 reddere
619 1702 720 1752 delitum
743 1701 809 1753 uxori
823 1702 877 1752 eui-

67 1777 152 1841 genti,
167 1778 246 1824 umen
260 1787 288 1823 eu
299 1774 365 1836 culpa
376 1786 434 1836 sua;
449 1777 472 1823 et
487 1772 539 1822 ideo
555 1773 582 1822 ad
592 1771 636 1822 lnoc
648 1771 755 1834 obligatio
767 1772 816 1824 voti
829 1785 876 1824 non

68 1861 97 1898 se
117 1845 241 1908 extendit,
257 1847 282 1894 ut
293 1858 321 1896 eu
340 1845 454 1908 predictis
470 1846 549 1910 putet,
564 1846 642 1894 tumen
655 1843 721 1894 dehet
735 1854 775 1908 per
788 1843 876 1894 lamen·

65 1921 120 1972 tum
131 1915 276 1982 prenitentiu
292 1927 464 1980 recompensare
475 1927 518 1979 pro
530 1914 671 1965 continentia
685 1927 732 1966 nou
743 1919 842 1966 serrata.

101 1989 138 2039 ld
148 1991 257 2051 quartum
272 1986 405 2050 dicendum,
417 1986 477 2049 quod
491 1985 598 2050 ouantium
613 1987 640 2038 ud
651 1998 678 2036 ea
696 1986 814 2050 inquibus
827 1997 876 2036 nou

66 2063 107 2114 est
119 2059 199 2110 factus
218 2057 331 2122 impotens
350 2061 428 2109 votum
449 2057 595 2108 continuatim
610 2069 716 2119 seruare,
729 2058 803 2107 adhuc
823 2059 877 2120 post

68 2133 217 2184 contractum
239 2129 406 2180 matrimonium
426 2128 538 2192 obligatur
557 2127 585 2178 ad
607 2127 763 2190 serrandum,
781 2129 876 2190 propter

66 2204 145 2269 quod,
161 2201 253 2252 ιιιοιιιιι
265 2213 353 2264 uxore,
368 2202 458 2252 tenetur
473 2199 575 2250 totaliter
591 2199 718 2249 continere.
735 2198 766 2247 Et
779 2197 834 2260 quia
846 2209 877 2247 ex

68 2271 216 2326 matrimonii
230 2271 321 2321 uinculo
335 2284 382 2322 nou
398 2269 510 2334 obligatur
521 2271 546 2320 ud
563 2269 663 2320 debitum
672 2268 810 2331 petendum,
824 2264 877 2316 ideo

68 2360 118 2398 non
133 2346 213 2410 potest
225 2345 302 2407 petere
315 2342 415 2393 debiturn
430 2341 478 2393 sine
492 2345 602 2405 pcocuto;
617 2339 723 2404 quamvis
738 2337 812 2402 possit
827 2337 878 2389 sinc

68 2420 171 2482 peccato
184 2415 279 2466 reddere
296 2413 398 2464 debitum
408 2413 524 2476 exigenti,
538 2416 660 2477 postquam
677 2409 790 2473 obligatus
799 2413 835 2460 est
848 2409 879 2458 ad

69 2491 116 2542 hoc
131 2501 176 2553 per
189 2486 303 2536 carnalem
317 2486 422 2548 copulam
436 2484 612 2548 precedentem.
633 2482 682 2532 lloc
701 2484 778 2532 antem
790 2479 875 2532 intelli·

87 2561 176 2613 eadum
193 2561 244 2620 est,
258 2555 307 2608 aire
323 2554 403 2606 mulier
417 2553 525 2620 expresse
536 2557 616 2619 petat,
631 2553 680 2603 sive
692 2549 876 2616 interpretativd,

71 2635 99 2682 ut
114 2629 209 2696 qnando
221 2627 302 2678 mulier
315 2626 443 2677 uerecunda
454 2630 501 2689 est,
509 2629 533 2676 ot
549 2625 586 2675 uir
596 2622 667 2674 sentit
678 2624 729 2687 ejus
739 2623 879 2674 uoluntatem

69 2703 103 2755 de
120 2699 249 2753 redditione
264 2695 349 2760 debiti3
362 2699 418 2746 tnnc
436 2695 498 2746 euim
516 2695 566 2746 sine
581 2699 673 2760 peccato
684 2695 776 2745 reddere
786 2695 877 2757 potest,

69 2778 99 2826 et
107 2771 224 2838 preciput
236 2771 256 2821 si
269 2769 292 2820 ei
306 2769 371 2818 timet
389 2769 417 2818 de
427 2767 528 2832 periculo
539 2764 659 2816 castitatis.
674 2765 722 2816 Nec
733 2763 808 2816 obstat
818 2761 881 2826 quod

73 2849 132 2896 sunt
148 2857 213 2909 pares
226 2845 250 2894 in
271 2839 408 2892 matrimonii
426 2842 476 2889 actu
482 2876 491 2904 ‚
502 2837 555 2902 quia
565 2835 661 2900 quilibet
670 2839 747 2900 potest
763 2837 808 2886 hoc
820 2831 883 2896 quod

13 2983 15 2992 A
75 2929 148 2967 suum
165 2911 380 2969 estubreuuutiare.
398 2909 495 2970 Quidum
510 2913 587 2960 amen
604 2905 756 2971 dicitquod
769 2904 883 2969 potestet
