1966 3304
233 139 265 178 nn
281 136 343 176 uoco
359 135 488 177 manuum
504 135 563 176 noer
580 135 687 176 rronrnm
813 128 860 177 tta

58 216 143 279 dente,
153 217 213 279 etc,
221 231 237 262 n
248 215 303 268 dicit
312 215 408 268 dinosa:
424 215 478 292 «tit
487 214 512 264 in
522 213 640 265 communi
652 213 736 278 gaudio
749 212 864 278 omnium

57 287 133 352 majus
143 287 184 338 fiat
197 285 349 350 singulorum.
362 301 377 334 r>
391 287 450 350 drgo
463 284 536 337 mutto
550 285 633 337 tortibs
644 285 718 349 gloria
733 285 861 340 animarum

56 358 124 409 debet
134 357 223 409 differri
231 371 303 422 usque
314 358 344 408 ed
359 357 437 420 tinem,
450 359 475 407 ut
483 355 553 408 simui
561 357 668 409 omnibus
679 357 795 409 reddatur.

85 433 111 480 t.
125 431 258 490 Praetcrea,
271 443 339 492 poena
349 433 373 480 et
385 429 565 493 promtumque
577 427 766 492 perscribendam
777 429 862 490 iudicii

53 502 189 562 redduntur,
204 498 317 563 judicium
332 501 459 564 precedere
472 511 519 550 non
536 498 629 550 debent.
644 500 687 552 Sed
701 499 762 562 ignis
776 499 864 550 interni

53 575 76 624 et
90 571 202 636 gaudum
219 570 318 634 paradisi
335 572 448 624 dabuntur
467 570 572 622 omuibus
586 583 627 636 per
647 570 786 622 senteutiam
800 571 862 636 judi·

53 643 127 694 cantis
140 643 229 694 Christi
245 641 353 706 (scilicet
367 641 393 692 in
404 641 485 692 ultimo
495 640 583 704 judicio
593 645 617 706 ),
634 646 661 692 ut
674 645 738 706 patet
755 643 859 700 Mutila,

53 715 122 766 XXV.
142 716 202 779 Ergo
216 717 270 766 ante
284 713 346 766 diem
361 713 444 779 judieii
461 713 539 764 nuilus
553 713 657 766 ascendit
669 713 693 764 in
707 713 789 766 eoelum
796 751 806 778 ‚
824 715 864 767 uei

20 833 21 846 r
55 787 178 838 descendit
195 786 337 838 adiutores.

20 861 22 914 ἰ
80 860 132 912 Sed
143 861 239 922 contra,
253 858 314 922 qnod
335 857 416 909 dicitur
428 858 457 908 11.
470 857 595 914 Corinth„
613 859 651 907 V:
669 873 684 905 o
697 857 786 908 Scimus
799 873 857 922 quo-

20 929 21 972 }
54 933 116 984 uiam
129 931 152 982 si
164 930 279 984 terrestris
294 931 376 984 domus
385 933 462 982 nostra
473 931 544 996 bujus
555 928 702 981 habitationis
713 929 859 996 dissoluatur,

20 993 22 1076 g
52 1003 113 1066 quod
132 1001 350 1054 commemorer
362 1003 409 1054 beo
421 1002 548 1064 babemus,
569 1002 660 1052 domum
676 1013 724 1052 non
735 1002 858 1056 manniae-

20 1087 21 1094 *
52 1077 112 1138 tam,
127 1073 277 1126 aeternamm
292 1073 390 1126 eretis.»
406 1074 467 1137 Ergo
483 1073 593 1128 dissoluta
606 1071 683 1133 anima
703 1071 773 1124 babet
789 1087 859 1124 man·

52 1145 143 1199 monem
161 1159 215 1210 que
229 1144 252 1196 ei
263 1145 288 1194 in
302 1145 367 1196 omlis
380 1145 454 1198 iuerat
466 1147 608 1196 conseruate.

20 1231 22 1286 r
83 1219 212 1282 Praeterea,
223 1215 332 1282 Philip„
340 1217 361 1280 1,
371 1216 427 1267 dicit
440 1216 560 1282 Apostolus
579 1231 586 1268 ι
602 1215 700 1280 «Cupio
713 1215 821 1280 dissolvi,
836 1220 862 1268 et

20 1313 21 1318 κ
52 1303 101 1340 esse
110 1303 166 1340 eum
178 1287 269 1342 cbristo
278 1305 309 1357 ‚u
325 1302 354 1338 er
369 1301 414 1353 quo
426 1289 460 1340 sie
471 1287 546 1352 arguit
559 1285 679 1352 Gregorius
693 1287 720 1336 iu
733 1287 771 1336 IV.
786 1289 858 1339 Dici.

53 1365 121 1426 (cap.
138 1360 188 1424 25)
210 1375 217 1410 ε
232 1360 300 1420 «Qui
318 1372 372 1424 ergo
386 1359 503 1412 Christum
519 1372 571 1410 esse
586 1360 611 1410 in
624 1358 683 1410 corio
697 1371 743 1410 non
760 1359 858 1428 dubitat,

51 1447 92 1485 nec
107 1432 176 1484 Pauli
191 1432 293 1484 animam
311 1432 337 1484 iu
351 1433 408 1484 coelo
424 1447 475 1486 esse
486 1437 589 1497 negat.»
605 1431 650 1482 Sed
669 1443 715 1482 nou
728 1433 860 1497 estnegan-

52 1505 103 1554 dnm
117 1504 237 1556 Christum
249 1517 299 1556 esso
311 1504 336 1554 in
346 1505 414 1567 corio,
427 1504 481 1556 cbm
494 1505 525 1558 eit
539 1503 650 1556 articulus
660 1501 724 1554 bdei.
740 1503 800 1566 Ergo
815 1517 859 1556 nec

52 1575 204 1628 dubitandum
214 1580 250 1628 est
261 1575 350 1628 animes
362 1580 493 1630 sanctorum
508 1577 536 1629 ad
547 1577 619 1626 umbos
632 1573 695 1625 ferri.
711 1573 777 1635 Qudd
787 1575 858 1628 etiam

20 1669 21 1708 3
52 1649 132 1712 abone
148 1647 233 1698 animae
251 1647 279 1698 ad
292 1647 405 1699 infernum
423 1649 563 1700 descendant
583 1645 659 1697 statim
677 1650 859 1711 postmortem,

20 1711 22 1794 i
53 1723 114 1783 pauc
126 1721 201 1783 Luc„
214 1720 265 1770 xvi
281 1735 288 1770 :
305 1719 429 1772 «Mortuus
446 1724 482 1772 est
497 1725 574 1772 autem
587 1721 611 1770 et
625 1717 703 1781 diues,
718 1722 742 1770 et
753 1721 857 1785 sepultus

20 1797 21 1804 ’
54 1795 86 1842 cst
99 1791 264 1842 minimum»

86 1863 355 1928 (commosin-Sicut
363 1877 457 1929 corpora
471 1863 564 1915 levitate
579 1863 620 1914 eud
631 1866 671 1914 aut
686 1865 797 1926 gravitate
807 1879 856 1914 sur·
904 1889 909 1904 ,.

55 1934 158 1986 sinaut
175 1935 281 1986 deorsbm
294 1937 410 2000 feruntur,
425 1936 470 1988 nisi
485 1935 572 2000 aliquid
584 1935 614 1986 sit
627 1934 808 2000 impediment03
823 1935 856 1988 sic

54 2006 120 2056 etiam
136 2005 222 2058 animae
237 2007 251 2058 d
266 2021 355 2060 carcere
374 2007 473 2074 eorporis
488 2007 606 2070 liberatam
620 2007 714 2072 praemio
730 2010 854 2072 percepto,

55 2076 76 2126 in
90 2079 173 2130 corium
189 2079 254 2144 (uisi
268 2083 388 2145 peccatum
406 2079 504 2144 primbm
525 2079 698 2143 demergendum
719 2078 854 2140 obstiterit),
892 2131 894 2136 y

57 2154 92 2200 aut
104 2150 173 2216 pseud
188 2151 369 2204 debitdriuflietd
382 2152 407 2202 in
427 2152 542 2204 iniernum
557 2152 680 2216 teruntur.)

20 2229 21 2254 ³
83 2223 222 2287 Respondes
233 2223 370 2290 dicendum,
380 2225 442 2290 qubd
457 2225 516 2276 sieut
528 2223 553 2274 in
562 2222 695 2290 corporibus
706 2227 742 2274 est
757 2221 856 2286 grauitas

56 2296 88 2345 rel
100 2295 201 2356 levitas,
215 2308 260 2360 qua
273 2297 375 2349 feruutur
391 2297 420 2348 ad
433 2311 500 2348 suum
509 2297 583 2347 locum
592 2334 599 2358 ‚
608 2296 650 2360 qui
663 2299 698 2346 est
710 2294 762 2346 bois
775 2294 852 2344 mobis

56 2365 166 2432 ipsorum3
182 2368 213 2418 ita
231 2369 301 2420 etiam
315 2369 388 2422 estin
402 2370 522 2420 animabus
534 2369 639 2420 meritum
656 2369 694 2424 uei
706 2365 852 2430 demeritum,

56 2441 133 2502 quibus
151 2440 292 2504 perueniunt
306 2441 387 2492 animae
408 2442 436 2494 ad
450 2440 569 2505 premium
589 2440 626 2490 vel
640 2441 667 2490 ad
682 2452 787 2503 omnam,
803 2453 854 2502 quae

56 2516 104 2562 sunt
117 2513 175 2562 ines
187 2514 302 2566 actionum
318 2511 428 2576 ipsarum.
441 2513 524 2576 Unde,
538 2511 597 2562 sicut
606 2523 688 2576 eorpus
698 2524 738 2575 per
751 2510 854 2574 gravita-
868 2537 870 2540 ·

55 2587 96 2636 iem
112 2585 151 2634 uel
168 2583 286 2636 leuitatem
300 2585 377 2636 statim
395 2585 467 2636 fertur
479 2586 505 2636 in
524 2586 599 2634 iocum
612 2596 695 2646 suum,
715 2582 761 2633 nisi
774 2584 855 2647 probi-

55 2653 145 2719 beatum
159 2655 193 2704 ita
207 2655 290 2707 animm
304 2657 398 2720 statim,
412 2657 486 2708 soluto
496 2655 587 2706 uinculo
599 2654 689 2716 cernis,
703 2668 744 2720 per
755 2657 816 2720 quod
832 2657 856 2706 in

55 2731 110 2778 statu
127 2727 172 2780 riae
190 2728 366 2790 detinebantur,
380 2729 499 2792 praemium
510 2731 680 2790 consequuntur
694 2727 730 2778 rei
749 2741 853 2791 omnam,

55 2800 95 2850 nisi
109 2800 196 2865 aliquid
206 2799 336 2864 impediat:
353 2801 411 2852 sicut
423 2802 537 2852 interdum
552 2798 650 2862 impedit
665 2800 854 2850 consecutionem

55 2873 141 2935 cremii
154 2872 382 2940 cemelenecontum,
396 2875 457 2944 quod
468 2873 532 2938 oribe
544 2872 637 2936 pmceri
647 2874 753 2937 oportet,
766 2885 796 2922 er
808 2883 855 2934 quo
