2026 3304
132 77 138 88 '
242 109 276 147 on
288 107 466 156 inopportunum
481 110 725 162 earomununmnra.
829 103 873 153 loo

380 289 536 342 inmenens
549 291 578 341 ll.

138 375 141 378 Ι
151 413 240 459 Utrdm
250 413 394 468 maleficium
403 417 479 471 penaio
485 417 797 476 matrimonium'tmpedire.

102 539 138 595 ltd
153 540 280 592 emundum
294 539 327 590 sie
343 541 479 602 proceditur.
493 541 588 592 Videtur
602 543 662 606 quod
676 546 813 600 malelleium
824 560 873 604 non

18 651 19 662 ,
70 611 144 676 possit
157 610 326 662 matrimonium
341 611 459 675 impedire.
472 613 607 675 liujusmodi
617 615 678 672 enirn
691 617 801 669 malelieia
813 619 872 672 liunt

70 684 206 747 operatione
226 683 362 734 demonum.
377 683 422 741 Sed
438 684 553 737 demones
571 699 616 736 non
638 687 723 738 labent
737 693 874 752 potestatem

18 771 19 822 ι
69 753 216 819 impediendi
234 753 372 804 matrimonii
388 759 467 808 aetum
481 756 555 819 memo
573 757 639 838 quim
665 761 794 822 corporales
814 762 871 814 alios

70 831 152 888 actus,
164 838 222 888 quoe
236 823 346 904 impedire
359 839 405 875 non
423 829 538 889 possunt3
552 827 605 890 quia
618 829 653 880 sie
674 833 746 880 totum
763 833 874 884 mundum

70 897 227 960 perimerent,
241 895 262 948 si
277 895 459 957 comestionem,
474 902 498 946 et
515 911 633 960 gressum,
649 904 672 950 et
684 900 729 952 alia
742 903 874 969 hujusmodi

18 1005 19 1034 r
71 965 223 1046 impedirent
238 967 296 1028 tirno
309 979 350 1030 pen
365 959 475 1018 malelioia
489 981 537 1018 non
548 973 623 1031 potest
637 970 741 1035 impediri
757 974 874 1024 matrimo-

18 1045 19 1102 ι
72 1037 146 1089 rrinrn.

102 1113 127 1157 2.
145 1109 278 1170 Praeterea,
291 1121 350 1172 opus
362 1109 402 1160 [tei
412 1113 448 1162 eet
464 1108 544 1160 lortius
560 1111 629 1176 qudrn
651 1126 710 1176 opus
724 1113 815 1166 diaboli.
830 1115 875 1168 Sed

73 1177 211 1230 maletteiunr
226 1183 263 1232 eet
273 1192 332 1244 opos
344 1180 435 1234 diaboli.
451 1181 510 1244 Engo
521 1194 568 1232 non
583 1186 660 1246 potest
673 1183 783 1248 impedire
798 1186 876 1238 matri·

18 1293 19 1318 ¹
74 1250 195 1311 monium,
216 1251 277 1313 quod
292 1255 397 1314 estopus
411 1251 461 1304 liei.

18 1319 19 1324 ’
105 1325 129 1371 3.
153 1322 285 1385 Praeterea,
307 1323 394 1374 nulum
415 1322 603 1386 impedimentum
624 1325 710 1377 dirimit
734 1330 875 1378 eontrnotum

73 1392 259 1457 matrimonium,
274 1393 319 1446 nisi
332 1393 364 1442 eit
375 1398 521 1458 perpetuum.
533 1394 577 1447 Sed
592 1395 726 1446 maleficium
741 1410 786 1446 non
798 1401 876 1460 potest
922 1416 925 1424 ’

73 1477 125 1516 esee
140 1463 329 1545 impedimentum
344 1470 495 1530 perpetuum,
510 1465 578 1528 quia,
593 1465 644 1516 einr
658 1467 760 1518 diabolus
773 1481 818 1520 non
833 1469 876 1520 lra-

73 1536 125 1586 beat
135 1539 276 1601 potestatem
286 1535 405 1599 niaisopan
413 1541 554 1600 poeniteres,
565 1538 644 1602 erpola
645 1552 659 1590 o
669 1543 771 1602 peceato,
777 1539 876 1590 tolletur

75 1607 225 1668 maleficium,
241 1608 277 1664 vel
294 1607 363 1661 etiam
375 1621 416 1686 per
432 1609 493 1660 aliud
509 1609 661 1670 maleficium,
673 1611 710 1660 uel
723 1625 764 1672 per
779 1609 876 1662 exorcis·

75 1693 125 1730 mos
137 1644 275 1741 Ecclesiae,
281 1680 319 1742 qni
334 1665 396 1730 sunt
405 1678 504 1730 ordinali
514 1680 543 1728 ud
557 1679 756 1742 reprimendam
734 1695 781 1730 urm
793 1681 876 1732 deamo-

76 1763 139 1800 num.
156 1752 216 1814 Ergo
230 1750 364 1803 maleficium
377 1765 425 1802 non
437 1754 514 1816 potest
530 1750 641 1814 impedire
657 1750 831 1802 matrimonium

106 1826 130 1874 ι.
146 1822 276 1882 Preterea‚
291 1823 387 1872 earnalis
397 1823 476 1886 copule
495 1835 542 1872 non
555 1824 631 1885 potest
642 1821 761 1886 impediri,
776 1823 820 1874 nisi
834 1824 877 1876 im·

74 1895 181 1956 pedialor
198 1893 300 1956 potentia
315 1893 456 1955 generandi,
472 1907 523 1956 que
547 1896 582 1944 est
597 1892 735 1958 principium
749 1895 808 1958 ejus.
831 1895 874 1952 Sed

76 1966 143 2015 unius
163 1966 208 2014 viri
224 1963 352 2026 generatim
372 1964 473 2027 potentia
494 1977 519 2018 se
539 1964 608 2016 induet
630 1965 658 2014 ed
676 1978 755 2016 ornnes
771 1964 876 2018 mulieres

18 2099 19 2102 Ἴ
77 2037 203 2100 equaliter.
224 2037 282 2099 Ergo
302 2036 439 2086 maleficium
458 2049 504 2088 non
522 2039 599 2099 potest
617 2049 669 2088 esse
689 2035 876 2100 impedimentum

18 2125 19 2174 ι
77 2113 183 2172 respectu
196 2107 267 2156 unius
278 2107 392 2169 mulieris,
408 2107 455 2158 nini
467 2107 497 2160 eil
511 2112 621 2170 respectu,
630 2106 742 2158 omnium.

18 2189 19 2200 ³
107 2179 153 2231 Sed
165 2180 378 2242 contraeundum
392 2178 516 2231 dieiturin
530 2179 656 2236 Decretis,
671 2177 778 2239 XXXIII,
791 2191 830 2239 qu.
843 2181 873 2226 t:

18 2279 22 2302 ,ι
80 2249 131 2300 «Si
145 2263 186 2313 per
203 2250 317 2302 sortiarias
328 2255 398 2330 atque
414 2236 547 2314 malatinam
561 2266 574 2296 u
590 2250 634 2300 et
628 2263 652 2302 ιιι
654 2248 708 2300 l;rl
730 2264 744 2294 u
763 2248 788 2296 Si
802 2249 877 2301 omani

78 2335 123 2372 non
135 2321 269 2385 potuerint,
283 2321 383 2385 separari
394 2321 511 2372 valebunt
521 2337 534 2367 n
574 2349 577 2356 -

107 2397 235 2454 Praelerea,
246 2393 348 2456 poteslas
362 2393 489 2445 demonem
500 2396 537 2442 est
553 2391 625 2454 major
636 2391 704 2454 quim
718 2351 820 2453 potestne
836 2392 877 2443 lto

79 2464 156 2528 ninia,
170 2463 228 2524 Jnd,
240 2465 306 2518 XLl:
319 2465 390 2514 oNon
401 2467 436 2514 est
449 2467 551 2526 potentes
563 2466 733 2526 superterram,
748 2479 762 2510 n
777 2465 822 2512 eto.
832 2461 876 2512 Sed

78 2550 146 2601 opere
161 2537 261 2586 hnmano
272 2537 348 2598 potest
359 2534 442 2598 allonis
456 2533 504 2584 fieri
519 2534 634 2597 impotens
646 2533 673 2583 nd
683 2533 798 2583 carnalem
806 2546 876 2596 copu-

78 2609 122 2658 lam
136 2621 178 2670 per
191 2607 289 2670 aliquam
307 2611 442 2670 potestatem
457 2607 494 2656 vel
506 2609 673 2666 oaetrnturamt
687 2607 711 2656 et
724 2617 751 2656 en
766 2606 811 2656 true
824 2618 877 2654 na-

79 2679 209 2730 trimonium
220 2679 351 2743 impeditur.
363 2679 423 2741 Ergo
440 2676 511 2728 mullo
521 2675 601 2730 tonius
615 2676 701 2728 uirtute
713 2676 877 2728 demonstro:

95 2751 223 2804 otestfieri.

80 2767 93 2816 p
112 2822 303 2886 (Commemo-
315 2823 459 2884 impotentes
471 2833 500 2871 er
518 2781 767 2881 maledeioperpetno‚
783 2795 808 2874 et
824 2818 878 2878 pout
