1954 3314
222 137 254 173 on
270 135 423 174 ιιιτιιιτιιιι
437 135 566 173 ιοιιιοιιιιι
583 135 721 174 retrosum.
827 125 871 173 llll

66 214 95 264 ad
109 212 211 264 modium
225 212 369 262 reducentur.
381 211 440 276 Ergo
451 225 524 275 neque
535 210 648 263 subtilitas
657 211 680 260 ιι
694 210 727 262 eis
741 211 784 262 erit
799 211 871 275 major

64 282 137 346 quim
150 295 212 334 nunc
225 282 263 334 sii.

98 361 123 406 3.
135 357 265 414 Praeterea,
276 353 389 404 subtilitas
400 353 517 404 invenitur
530 355 554 404 in
565 354 695 420 corporibus
705 357 800 419 propter
811 367 868 418 pau·

63 428 160 477 citatem
177 425 293 490 materias,
306 427 365 476 unde
376 439 472 488 corpora
482 439 532 490 quas
543 427 628 477 babent
640 425 716 476 miuds
731 427 759 478 de
773 428 869 478 materia

62 499 109 549 sub
135 494 261 562 equalibus
289 497 484 558 dimensionibus,
505 497 601 548 dicimus
623 497 695 562 magis
716 498 822 558 subtilia;
844 504 869 549 ιιι

61 570 146 632 ignens
159 581 226 628 nere,
238 571 261 618 et
277 581 350 619 aerem
370 567 440 632 aqud,
455 572 478 618 et
491 580 572 632 aquam
593 569 662 620 terri.
676 570 719 620 Sed
734 574 823 619 tantum
839 571 867 622 do

63 639 163 690 materia
183 639 227 690 erit
243 639 267 689 in
280 639 412 703 corporibus
432 638 536 701 gloriosis
553 643 662 703 mantum
683 654 744 690 nune
757 644 808 704 est,
824 655 868 692 nec

63 711 224 763 dimensiones
239 715 306 762 erant
326 712 439 776 majores,
455 714 480 760 nt
502 723 531 762 ex
548 725 616 775 supra
634 712 701 764 dictis
720 717 792 777 patet.
808 714 867 778 Ergo

61 787 122 834 tuno
136 796 183 833 nou
194 784 260 834 erunt
271 781 342 847 magis
353 783 442 833 subtilia
453 782 519 846 quint
533 783 599 834 rnodd
611 783 666 834 siut.

73 875 77 880 -
97 854 144 904 Sed
166 857 243 904 contra
263 857 312 916 est,
324 853 384 918 quod
403 853 485 906 dieitur
498 855 516 904 l.
534 855 604 914 Con,
619 855 663 906 xv
677 870 683 904 :
699 871 713 902 ιι
733 855 865 907 seminatur

61 937 149 988 corpus
160 923 258 974 animde
268 963 274 982 ,
285 928 363 987 surget
376 937 459 988 eorpus
472 924 604 990 spirituale3
619 942 633 973 s
644 925 667 975 id
677 928 713 976 est
727 927 818 990 spiritui
833 927 864 978 si-

61 995 129 1046 mile.
145 995 190 1044 Sed
203 994 316 1045 subtilitas
332 993 425 1059 spiritds
441 995 531 1046 excedit
545 1009 635 1046 ornnem
655 996 802 1048 subtilitatem
814 1011 864 1049 con·-

60 1067 136 1131 poris.
155 1067 213 1130 llrgo
229 1079 322 1130 corpora
333 1065 430 1128 gloriosa
443 1070 509 1116 emunt
523 1066 681 1117 subtilissima.
722 1102 729 1108 .

95 1137 318 1200 Preterca,corpora
326 1138 411 1200 quanto
420 1135 466 1186 sint
474 1135 602 1198 subtiliora,
611 1137 676 1188 tantd
684 1137 863 1190 suntuobiliora.

59 1210 106 1262 sed
117 1221 214 1274 corpora
223 1208 320 1272 gloriosa
331 1213 385 1258 sunt
396 1207 546 1262 nobilissima.
554 1210 615 1272 Ergo
626 1213 693 1260 erunt
705 1209 862 1262 subtilissima.

97 1281 258 1346 (Gonccusro.
267 1307 298 1318 -
307 1279 365 1329 Cium
381 1278 469 1329 ratione
483 1279 565 1331 anime
574 1279 704 1344 glorificatae
718 1285 800 1343 corpus
811 1281 864 1345 glo·

58 1353 149 1404 riosunr
164 1350 251 1402 dicatur
260 1349 389 1414 spirituale,
401 1350 482 1401 merito
496 1352 611 1402 subtilitas
621 1354 657 1402 est
670 1350 795 1419 proprietas
811 1364 862 1402 cor·

57 1423 125 1489 poris
143 1421 236 1484 ptonosi
250 1435 292 1485 per
304 1421 409 1473 ellectum
423 1421 547 1486 spiritualis
561 1421 701 1486 potentia.)

93 1494 229 1557 Respondoo
241 1493 375 1554 dicendum,
386 1491 446 1555 quod
460 1505 543 1544 nornen
555 1493 686 1544 subtilitatis
697 1493 805 1544 lavirtute
816 1507 859 1558 pe-

58 1564 169 1616 netrandi
181 1567 216 1614 est
227 1567 385 1628 assumptum
401 1564 460 1615 unde
475 1563 557 1615 dieitur
570 1563 594 1614 in
605 1566 623 1614 ll
637 1566 674 1614 De
692 1567 862 1630 penetratione,

58 1635 124 1700 quod
145 1651 159 1684 ιι
177 1635 260 1685 subtile
276 1638 310 1685 est
324 1632 461 1698 repletiuunn
480 1635 582 1698 partibus
595 1638 619 1686 et
633 1635 731 1698 partium
749 1633 860 1698 partibus.

45 1705 127 1767 Quod
145 1709 222 1756 autern
240 1704 330 1768 aliquod
349 1717 432 1770 corpus
449 1706 479 1755 sit
500 1707 685 1769 penetrativum,
700 1705 813 1767 contingit
831 1720 861 1758 ex

57 1777 150 1829 duobus
168 1793 175 1826 ι
188 1775 261 1840 primd
272 1787 301 1826 ex
313 1777 426 1840 parvitate
444 1777 593 1840 quantitatis,
605 1777 721 1842 precipui
735 1775 859 1828 secundini

57 1849 238 1915 prolanditatem
258 1850 282 1898 et
294 1847 456 1910 latitudinem,
471 1852 606 1899 nouantem
619 1848 743 1899 sccunddm
756 1849 861 1912 longitu·

59 1921 151 1982 dinem
164 1921 218 1983 quia
236 1919 363 1983 penetratio
377 1918 403 1970 lit
415 1919 440 1970 in
451 1920 805 1984 proturtdum3undelongiludo
819 1932 859 1983 pe·

58 1991 182 2042 netrationi
197 2003 243 2040 uon
257 1991 340 2042 obstat.
358 1990 478 2051 Secundo,
494 2003 524 2041 ex
538 1992 652 2055 paucitate
670 1991 784 2053 materie,
800 1992 860 2040 unde
890 2007 893 2012 ¹

57 2073 112 2114 rara
124 2061 230 2110 subtilia
244 2061 348 2126 dicimus.
357 2063 384 2112 llt
394 2063 448 2127 quia
460 2063 484 2114 in
499 2064 630 2128 corporibus
645 2063 702 2114 raris
715 2062 787 2112 torma
802 2075 861 2124 prae·

60 2133 192 2184 dominatur
205 2132 307 2184 materiae
317 2132 406 2194 magis,
416 2133 467 2184 ideo
480 2134 611 2184 translatum
626 2138 662 2185 cst
673 2144 755 2185 nomen
773 2130 861 2182 subtili·

59 2204 118 2265 tatis
132 2204 159 2253 ad
170 2204 209 2254 illa
222 2215 375 2267 corporaque
388 2203 474 2267 optime
483 2205 588 2255 substant
600 2205 678 2255 torma
685 2242 693 2268 ,
703 2206 726 2254 et
737 2201 862 2268 perficiun-

60 2279 101 2324 tur
110 2273 139 2323 ab
148 2286 176 2324 oa
186 2274 367 2337 eompletissinro
380 2275 460 2337 modo,
473 2273 639 2325 siuntdicinnus
648 2272 796 2325 subtilitatem
810 2284 861 2322 osse

58 2347 86 2396 in
102 2345 150 2396 sole
163 2349 187 2396 et
200 2345 254 2395 lnna
266 2348 290 2396 et
303 2345 354 2396 aliis
363 2345 506 2409 hujusmodi3
519 2346 580 2396 sicut
590 2345 659 2396 etiarn
674 2357 753 2394 aurum
767 2343 804 2394 vel
817 2343 861 2392 ali·

59 2417 117 2481 quid
128 2415 259 2480 hujusmodi
269 2419 344 2480 polest
354 2417 400 2468 diol
413 2416 513 2474 subtile,
526 2417 617 2480 quando
626 2413 790 2480 perfectissime
798 2427 862 2465 eom·

59 2489 137 2552 pietur
154 2488 243 2537 inesse
257 2492 281 2538 et
291 2487 376 2538 virtute
387 2501 434 2538 ιιι
453 2501 480 2553 sp
495 2488 546 2538 ciel.
563 2489 590 2537 Et
603 2488 657 2551 quia
670 2500 707 2537 res
720 2487 859 2550 incorporeae

58 2559 188 2622 quantitate
201 2562 281 2608 carent
294 2562 318 2609 ιι
335 2558 445 2618 materit,
460 2559 464 2568 '
482 2572 510 2610 eo
526 2571 609 2610 nomen
628 2557 760 2608 subtilitatis
777 2557 805 2607 ad
823 2569 862 2607 eas

57 2629 211 2690 transfertur,
224 2640 271 2678 non
293 2628 366 2679 solim
382 2629 469 2682 ratione
492 2643 540 2680 sue
562 2625 713 2687 substantiae,
730 2628 770 2682 sed
793 2627 862 2678 etiam

56 2702 147 2752 ratione
165 2699 315 2750 suaeuirtutis
325 2700 370 2764 (l).
384 2699 448 2752 Sient
460 2700 522 2754 enirn
532 2698 626 2751 subtile
638 2699 721 2751 dicitur
735 2700 861 2764 penetrati·

91 2843 125 2908 (ι)
144 2846 181 2892 Sic
196 2844 220 2888 ln
233 2845 291 2892 libro
305 2845 427 2906 Sapienti„
437 2860 488 2906 cap.
507 2848 561 2906 ull,
575 2860 635 2895 rere,
648 2848 679 2894 ιι
694 2859 720 2893 ac
735 2848 854 2906 deinceps,
