1968 3294
380 147 411 187 nn
426 146 551 188 eunucus.
811 149 855 199 τοι

52 223 188 287 pertatem.
202 221 281 275 (ilossa
293 224 368 273 autam
380 223 473 273 inducta
485 223 546 286 large
558 222 641 289 accipit
655 223 802 281 αυκοιαηι,
815 238 857 289 pro

53 291 169 357 quolibet
182 293 273 356 praenrio
286 294 345 357 quod
359 293 458 344 redditur
471 293 551 347 merito
565 294 692 357 ercellenti.

13 379 15 426 j
94 363 128 413 Et
144 361 247 413 similiter
260 361 378 414 dicendum
390 363 419 414 ad
436 365 529 415 tertium
546 367 570 414 et
582 366 694 428 quartum.

96 433 134 485 hd
155 434 259 498 quintum
280 433 414 498 dicendum,
430 433 490 499 qodd
509 433 578 486 etiam
599 435 755 487 scribentibus.
769 449 856 488 sanam

55 505 206 567 (loctunam,
220 505 314 556 debetur
329 507 432 568 auecta3
441 507 481 556 sed
493 507 543 572 hec
556 517 600 559 uou
615 505 761 571 distinguitur
773 507 801 558 ah
815 519 855 558 au·

54 577 131 696 reolda
146 577 276 696 duplorum
291 577 344 640 quia
363 577 445 643 scripta
458 589 593 642 componere
609 578 702 641 quidum
721 578 801 630 modus
814 580 854 630 do·

54 660 106 696 cen
125 662 132 695 ι
150 660 193 698 es.

353 755 510 808 hahemus
523 755 571 808 uh.

122 879 205 923 Utrum
216 880 315 924 aureolo
328 880 498 937 Virpiuumait
512 878 633 938 potissimo
651 883 714 928 datter
729 883 798 930 otior.

91 1007 129 1058 ho
142 1004 299 1059 dumeoimum
311 1003 344 1055 aio
357 1005 491 1069 proceditur.
502 1005 594 1057 Videtur
609 1007 668 1071 qudd
679 1009 768 1059 aureola
781 1009 852 1072 virgi-

49 1089 118 1131 num
130 1077 163 1127 sit
172 1075 231 1127 inter
245 1075 302 1125 elias
314 1073 440 1138 potissima.
451 1075 508 1133 ouria
519 1076 603 1140 Apso,
615 1077 675 1138 lllV,
687 1079 715 1128 de
724 1078 850 1141 virginibus

51 1145 144 1200 dicitur
156 1145 215 1210 qndd
233 1147 385 1208 «sequuntur
395 1146 485 1206 Agrum
499 1159 639 1208 quocumque
653 1145 719 1208 ierit;
729 1163 744 1194 u
759 1149 852 1210 eoquod

52 1237 70 1267 «
86 1227 157 1268 nemo
174 1216 233 1267 alius
250 1218 339 1282 poterat
358 1215 433 1266 dicere
455 1217 566 1266 canticum
582 1217 641 1279 qnod
658 1217 757 1280 uirgines
775 1223 850 1270 cauu-

51 1291 127 1342 hunt.
140 1303 155 1336 u
170 1287 228 1352 Ergo
240 1285 339 1349 uirgines
351 1285 435 1336 heheu
448 1285 629 1337 excellentiorem
648 1286 769 1340 aureolam.

90 1363 116 1408 2
131 1359 253 1418 Praeterea,
271 1356 394 1422 Cyprianus
411 1356 440 1408 de
457 1355 741 1421 singultuosorum
760 1359 849 1408 truditur

52 1428 210 1494 virpieum)
225 1428 280 1480 dicit
291 1427 351 1492 qudd
365 1426 411 1476 sint
420 1426 548 1478 «illustrior
560 1427 633 1493 portio
646 1428 721 1492 gregis
729 1429 847 1480 Christi.»

53 1505 120 1566 Ergo
133 1501 166 1552 eis
182 1501 253 1565 major
266 1499 355 1551 aureolo
368 1498 470 1548 debetur.

92 1575 116 1620 a.
130 1573 187 1622 ltenu
200 1571 290 1622 uidetur
300 1568 360 1633 quod
373 1567 490 1633 potissima
504 1569 534 1619 sit
547 1569 635 1620 aureola
646 1573 783 1634 martyrum
796 1571 848 1632 quia

54 1647 65 1710 (
77 1655 147 1707 super
159 1643 271 1706 apocal,
284 1640 334 1691 xlv
346 1639 370 1704 )‚
384 1638 438 1689 dicit
450 1639 536 1703 liaprno
548 1638 606 1702 quid
619 1655 633 1686 «
647 1651 691 1689 non
709 1652 787 1690 omnes
799 1642 849 1689 vir-

55 1715 127 1779 gines
136 1711 268 1776 conjugatas
281 1709 421 1774 praecedunt3
434 1708 473 1760 sed
481 1709 506 1758 hi
518 1708 646 1773 specialiter
654 1708 694 1773 qui
702 1708 726 1757 in
737 1713 847 1761 tormento

55 1782 175 1850 passionis
196 1780 326 1844 uirginitate
346 1780 438 1843 insuper
457 1779 583 1842 custodita,
602 1783 747 1844 coequentur
762 1785 848 1844 marty-

55 1856 123 1906 ribus
134 1853 295 1916 octogenis.»
306 1850 365 1915 Ergo
374 1850 506 1914 martyrium
516 1851 555 1900 dat
566 1848 690 1913 virginitati
698 1850 848 1914 preeminen-

56 1926 116 1975 tiam
127 1936 195 1988 super
206 1923 263 1974 alios
273 1925 353 1973 status.
363 1921 392 1972 Et
401 1921 433 1971 sic
444 1922 550 1986 martyrio
560 1920 634 1985 potior
642 1921 733 1971 aureola
744 1919 844 1971 debetur.

93 1999 116 2045 t.
131 1993 204 2058 lteri,
215 1995 305 2046 uidetur
317 1993 377 2057 quod
390 1991 509 2056 potissima
521 1992 627 2044 debeatur
640 1991 782 2054 doctoribus3
793 1992 847 2054 quia

57 2065 159 2118 Ecclesia
172 2065 272 2116 militans
284 2065 409 2129 exemplata
421 2067 455 2115 est
473 2063 501 2126 ab
514 2063 615 2114 Ecclesia
627 2062 787 2126 triumphante.
802 2063 846 2114 Sed

57 2140 84 2189 in
98 2137 197 2188 Ecclesia
207 2135 317 2186 militante
328 2135 440 2186 maximus
454 2134 626 2186 honordehetur
635 2131 770 2196 doctoribus,
780 2133 800 2182 1,
809 2133 846 2182 ad

61 2209 137 2265 Tim„
147 2206 183 2256 V:
196 2206 261 2266 «Qui
268 2205 326 2256 hene
333 2207 433 2268 presunt
441 2205 574 2268 presbyteri,
588 2202 671 2267 duplici
687 2203 773 2253 haume
784 2203 846 2266 digni
906 2243 907 2247 ,

59 2279 201 2338 habeantur,
215 2275 312 2327 manure
324 2275 363 2339 quui
379 2275 511 2325 laborantia
524 2276 591 2326 uerbo
606 2279 629 2326 et
641 2272 751 2326 doctrino.
761 2289 775 2321 u
787 2275 845 2338 Ergo

59 2351 85 2401 in
97 2348 197 2400 Ecclesia
210 2347 362 2410 triumphante
374 2344 457 2396 tahhus
474 2345 549 2408 potior
561 2345 650 2395 aureola
666 2343 767 2394 debetur.
838 2378 840 2385 .

93 2419 251 2484 (encausto.
262 2443 293 2456 -
301 2415 358 2467 Cim
373 2419 495 2480 martyrum
512 2427 589 2479 pugna
601 2413 724 2466 fortissima
744 2413 788 2477 sit,
799 2428 845 2466 re·

59 2487 274 2551 dementissimdque
287 2487 386 2552 affligat,
398 2484 532 2550 simplicitet
543 2485 655 2549 loquendo
664 2484 753 2536 aureola
767 2497 845 2538 eorum

59 2565 95 2616 est
109 2560 208 2611 omnium
221 2558 347 2623 potissima.
363 2559 372 2618 i

89 2631 220 2696 Respondes
234 2628 369 2689 dicandum,
387 2627 447 2692 qudd
460 2625 628 2692 praeeminentia
648 2625 744 2676 aureole
756 2626 784 2677 ad
804 2639 844 2677 au-

60 2700 142 2755 reolam
155 2704 228 2766 potest
241 2697 360 2764 duphcitar
371 2698 456 2749 attendi
467 2712 475 2747 r
488 2695 576 2760 punt,
585 2709 613 2748 er
624 2700 688 2761 purte
700 2707 800 2760 pugne,
818 2703 843 2748 nt

61 2774 144 2827 dicatur
157 2769 247 2821 aureola
265 2768 355 2833 potior,
369 2780 420 2833 quae
441 2765 527 2820 fortiori
544 2779 625 2834 pugnae
638 2766 738 2818 debetur.
756 2767 784 2816 Et
805 2781 844 2831 par

64 2844 121 2896 hunc
130 2841 220 2892 nodum
230 2837 320 2892 aureola
331 2842 452 2905 martyrum
461 2839 511 2892 aliis
521 2839 616 2892 aureolis
624 2837 778 2903 supereminet
787 2851 843 2900 quo·
