1924 3322
316 173 348 216 DE
363 175 563 218 nesunucrrotrs.

338 363 497 416 ARTICULUS
511 365 533 416 I.

177 487 264 540 viriam
277 499 402 545 amporam
412 489 554 535 rerurrectio
565 489 598 534 eit
608 491 701 543 statura.

58 616 95 666 Ad
112 615 216 678 primum
231 615 264 665 sio
275 615 418 679 'proceditur
433 616 527 667 vitatur
546 616 606 681 quor
624 629 745 678 cornorum
762 631 838 670 rasur-

26 687 100 738 rectio
116 699 167 738 non
183 686 212 738 sit
224 689 308 738 futura.
327 687 466 744 Joo,x1v:
482 689 576 739 niiomo
593 689 644 740 eim
659 690 774 741 dormierit
789 704 836 742 nou

27 763 159 822 resurget,
174 759 247 809 donee
261 762 369 810 atteratur
381 759 471 810 ooeium.
482 777 496 808 o
511 761 555 812 Sed
574 761 654 811 areium
673 775 788 826 nunquam
802 767 838 813 at-

27 835 130 894 teretur,
141 831 195 895 qnia
207 847 221 880 n
229 835 288 881 terra
301 830 339 896 (de
350 845 394 896 qua
404 832 481 884 urinirs
489 833 595 898 ridetur)
604 834 628 884 iu
639 838 748 886 aurnum
759 839 811 897 stat,
821 851 836 882 n

26 908 50 954 ut
61 908 132 967 patet
145 903 251 960 Erotes„
260 905 281 954 1.
294 905 353 968 Ergo
368 903 436 954 homo
449 909 552 955 mortuus
564 919 681 969 uunquam
695 909 805 974 resurget.

59 977 84 1026 2.
105 977 231 1036 Praeterea,
246 975 369 1039 Dominus,
385 975 487 1032 uarro,
502 977 581 1039 xxii,
594 977 675 1042 probat
691 978 838 1029 resurreetio-

29 1059 82 1097 nem
101 1059 148 1111 per
164 1047 321 1097 anctoritatem
334 1047 396 1096 iiiam
413 1047 525 1112 (Eunu,
539 1050 604 1114 iiii:
621 1067 635 1098 n
651 1051 698 1114 Ego
710 1064 760 1100 snm
779 1051 838 1101 Dens

34 1119 168 1178 Abraham,
184 1121 208 1170 ει
223 1119 281 1169 Deus
299 1119 369 1182 iaaac,
380 1123 404 1170 ει
417 1121 478 1170 liena
488 1121 572 1184 taooir3
587 1139 601 1168 »
610 1121 664 1185 qnia
674 1134 719 1172 non
731 1125 767 1173 εει
779 1123 838 1172 Deus

29 1195 190 1255 mortuorum,
206 1191 247 1242 sed
260 1191 398 1242 viventium.
413 1194 458 1244 Serl
475 1197 566 1245 onustat
580 1195 641 1258 quod
658 1196 748 1257 quando
766 1193 839 1246 rerba

27 1263 69 1314 iiia
85 1263 241 1324 dicebantur,
258 1263 383 1325 timiam,
399 1265 462 1316 isaeo
477 1270 500 1316 et
514 1265 583 1317 Jacob
600 1280 646 1316 non
663 1266 772 1318 vivebant
789 1280 838 1320 ror·

31 1347 104 1398 pore,
120 1335 163 1385 sed
177 1333 251 1386 sotim
268 1333 350 1384 anima.
364 1335 421 1399 Ergo
435 1336 570 1388 resurreetio
584 1350 630 1388 non
650 1335 694 1388 erit
708 1348 838 1400 corporum,

32 1407 72 1456 sed
94 1405 174 1458 solium
189 1405 324 1456 animarum.
362 1429 364 1434 ·

63 1482 87 1527 ³.
104 1479 237 1541 Ρεειεεεε,
251 1477 387 1543 Apostolus,
402 1479 422 1529 i.
437 1479 562 1534 Corinth.¹
573 1479 628 1542 XV,
639 1477 731 1529 ridetur
743 1477 840 1542 probare

31 1550 228 1601 resurrectionem
245 1563 274 1599 ex
288 1551 473 1602 remuneratione
491 1551 592 1601 latonam
611 1561 669 1616 quos
689 1551 714 1600 in
731 1551 774 1600 irae
791 1551 840 1602 rita
885 1597 889 1606 .

31 1622 151 1672 sustinent
160 1621 246 1684 sanoti3
259 1622 298 1684 qui
311 1621 331 1672 si
344 1623 368 1672 in
377 1624 421 1672 irae
434 1622 483 1672 rita
496 1621 584 1672 tantum
594 1622 736 1674 confidentes
750 1627 839 1686 essent,

33 1691 214 1744 miserabiliores
222 1697 299 1744 essent
308 1694 414 1745 omnihus
425 1693 563 1744 hominihus.
579 1695 625 1744 sed
638 1693 754 1744 suifieiens
766 1707 841 1744 remn-

35 1762 238 1815 neratioomninm
250 1764 351 1815 latrorum
361 1765 460 1815 hominis
468 1769 546 1829 potest
555 1779 605 1818 esse
617 1766 641 1815 in
650 1763 838 1815 animatantirm:

32 1847 78 1884 non
91 1834 157 1885 euim
166 1839 256 1900 oportet
269 1836 330 1898 quod
341 1836 519 1886 instrumentum
532 1836 600 1887 simui
613 1851 665 1886 enm
676 1840 786 1900 operante
799 1849 841 1888 re-

33 1911 185 1970 muneratum
207 1921 291 1973 corpus
308 1912 384 1960 autem
408 1908 585 1960 instrumentum
610 1909 693 1960 animae
715 1913 764 1973 est,
778 1909 840 1960 unda

33 1979 102 2030 otiam
119 1982 145 2030 in
159 1981 303 2046 purgatorio,
315 1982 355 2032 nii
368 1982 451 2032 anime
465 1981 638 2046 punienturpro
652 1981 689 2030 iris
702 1989 753 2044 qua
763 1995 842 2044 gesse·

34 2055 87 2102 runt
97 2053 124 2102 in
138 2065 242 2116 cornone,
252 2053 328 2104 anima
340 2054 390 2104 sine
401 2066 494 2118 corpore
502 2055 609 2118 'punitur
621 2053 681 2116 Ergo
692 2065 740 2102 non
750 2057 842 2117 oportet

37 2135 124 2184 ponere
147 2125 337 2176 resurrectionem
354 2139 488 2190 corporum,
504 2126 544 2177 sed
563 2125 648 2175 suitioit
662 2137 749 2188 ponere
767 2135 843 2174 resur-

37 2194 164 2247 rectionem
186 2195 396 2260 animarumque
416 2201 451 2248 est
464 2198 517 2247 dum
535 2197 702 2248 transferuntur
723 2195 750 2246 de
769 2201 843 2248 morte

37 2267 110 2331 culpo
126 2271 150 2320 et
167 2268 266 2320 miser-ie
282 2269 305 2318 in
320 2270 390 2320 vitam
407 2269 485 2334 gratiae
499 2276 522 2322 ει
535 2271 623 2336 gloriae.

70 2343 93 2389 i.
110 2342 236 2404 Praeterea,
251 2341 378 2391 «ultimum
392 2343 424 2392 rei
439 2347 474 2393 est
483 2343 678 2407 perfectissimum
688 2340 710 2390 in
720 2354 775 2402 re,n
788 2341 843 2404 quia

40 2411 250 2476 perilludettingit
263 2413 331 2464 finem
343 2427 418 2464 suurn
429 2413 473 2464 Seri
483 2414 664 2480 perfectissimus
678 2415 751 2462 status
762 2411 843 2464 animae

40 2486 75 2530 est
89 2487 115 2532 ut
128 2483 157 2534 sit
168 2483 181 2534 ir
194 2497 287 2548 corpore
301 2489 421 2550 separata,
435 2485 487 2550 quia
502 2485 525 2534 in
534 2487 649 2536 honerate
660 2482 798 2533 conformior
808 2489 843 2535 est

40 2551 86 2604 Deo
97 2559 122 2605 ει
130 2556 231 2620 angelis,
243 2559 267 2606 et
275 2555 347 2618 magis
357 2569 427 2621 pura,
436 2557 502 2622 qnasi
511 2560 613 2622 separata
625 2555 653 2604 ab
663 2553 725 2604 omni
735 2555 843 2606 extranea

43 2631 132 2678 natura.
148 2623 333 2692 Ergoseparatio
348 2629 466 2694 ternpore
490 2633 526 2679 est
542 2627 635 2677 ultimus
653 2631 727 2677 status
740 2627 805 2690 ejus3
821 2632 844 2678 ει

43 2694 73 2746 ita
88 2711 117 2748 ex
130 2701 174 2749 troo
186 2702 247 2749 statu
257 2713 303 2750 narn
315 2701 372 2750 redit
381 2701 408 2750 ad
420 2713 510 2764 corpus,
521 2699 580 2748 siout
594 2711 635 2748 neo
646 2711 674 2747 ex
686 2698 735 2747 viro
743 2699 768 2747 iit
776 2712 841 2762 puer.

74 2773 97 2822 t.
112 2767 242 2831 Praeterea,
258 2785 318 2821 mors
327 2772 448 2836 corporalis
459 2772 484 2820 in
496 2783 585 2834 paenam
599 2770 688 2820 homini
702 2773 737 2820 est
749 2769 842 2819 inducta

42 2853 82 2902 uro
98 2844 169 2908 prima
184 2843 384 2907 prevaricatione,
399 2850 424 2894 ut
437 2849 500 2910 patet
514 2845 610 2903 Genea,
622 2845 654 2907 ii,
669 2844 727 2894 siout
741 2848 764 2892 ει
782 2856 843 2894 mors

46 2915 182 2980 spintuaiis,
201 2929 252 2982 quae
266 2919 300 2967 est
314 2918 426 2983 separatio
446 2917 528 2968 animae
543 2917 629 2982 alteo,
644 2919 682 2969 est
694 2914 781 2966 inssiota
801 2915 844 2966 ho·
