1968 3294
143 177 188 226 660
286 177 486 227 δῧΡΡιΜΤΰΙ,
501 177 594 224 Qum.
612 171 668 224 XCV,
683 177 737 215 ΛΙΤ.
756 177 789 214 lV.

139 257 192 316 post
203 253 391 304 resurrectionem
405 265 479 306 novus
489 253 559 302 homo
569 251 698 315 augelorum
707 250 876 303 multitudinem
886 251 929 304 sill

139 321 261 386 copulavit.
272 339 286 370 u
297 323 354 386 Ergo
364 322 494 386 augelorum
507 321 625 372 multitudo
641 323 677 372 est
688 333 772 385 sponsa
785 321 883 374 Christ.
901 321 929 372 El

139 395 173 444 sle
186 394 273 457 angelis
285 398 418 458 competunt
429 393 503 444 dotes.
551 400 563 421 ⁴

171 470 194 515 e.
207 463 333 528 Praeterea,
344 463 460 526 spirituale
472 463 637 514 matrimonium
650 461 674 512 in
687 461 800 526 spirituali
820 463 931 527 minoe·

138 533 202 586 lione
213 533 325 587 mastatio
339 533 384 584 Sel
397 533 521 598 spiritualis
534 534 664 598 mutaretis
677 545 723 584 nen
735 536 772 584 est
784 532 860 584 minor
873 533 933 583 inter

138 606 231 670 angelos
243 610 267 656 et
283 606 368 668 mum,
382 604 449 668 quim
463 605 524 655 inter
532 605 635 656 immines
649 605 728 655 beatos
739 609 764 654 et
776 603 858 654 Deum.
870 603 931 667 Ergo

137 675 190 726 eum
208 677 273 727 dotes
291 677 318 726 de
337 674 420 740 qulbus
443 689 505 726 nomo
522 676 626 740 agimus,
638 675 725 726 satiem
743 673 869 737 spiritualis
882 688 931 724 ura·

137 746 237 797 trimouii
250 745 404 808 assignentur,
417 743 507 798 ridetur
520 744 581 809 quod
593 744 680 808 augelis
694 745 834 796 oooueulant
853 745 929 796 dota.

170 819 193 865 l.
214 817 339 886 Praeterea,
351 815 466 879 spirituale
483 814 648 866 matrimonium
671 813 765 878 requirit
784 813 931 878 spirituatem

137 898 248 949 sponsum
266 889 290 936 et
302 884 441 948 spiritualem
460 897 576 950 sponsam.
596 884 642 936 Sed
662 885 763 946 Christo,
780 883 806 934 in
818 889 932 948 quantum
971 895 972 902 ¹

136 960 173 1006 est
191 955 409 1020 supprimimus,
423 957 495 1020 magia
509 960 562 1007 suut
575 955 702 1008 oonlormes
718 955 742 1005 in
758 959 840 1006 natum
853 957 930 1020 angeli

137 1027 205 1088 quaro
227 1026 337 1078 homines.
360 1027 418 1090 ltrpo
432 1027 508 1091 magis·
523 1030 599 1092 potest
612 1038 663 1078 esse
675 1024 793 1092 spirituale
808 1028 930 1078 nralrlmo·
972 1012 973 1104 l

137 1096 200 1147 nium
216 1097 347 1161 aupelomm
367 1096 395 1147 ad
414 1097 529 1149 Ghn'stum
539 1095 606 1160 quam
617 1095 744 1147 nominum.

169 1171 193 1217 e.
217 1169 336 1230 Praeterea,
356 1167 429 1232 maior
447 1166 606 1218 murenienlia
624 1165 722 1230 eripimur
737 1164 799 1218 inter
815 1171 888 1231 eaput
906 1171 930 1217 el

137 1239 254 1298 membra,
266 1249 333 1301 quiam
353 1237 413 1288 iuter
426 1247 535 1302 sponsum
547 1241 572 1288 et
585 1247 700 1300 sponsam.
719 1233 765 1286 Sall
779 1237 930 1288 oonloroailas

137 1305 811 1372 quaestinlarChrlstumetangelos,suffleltarllrooquod
821 1307 930 1358 Christus
973 1332 974 1398 p

137 1378 225 1430 ulmam
240 1384 308 1442 eaput
320 1378 459 1440 angelorum.
478 1379 538 1441 Ergo
550 1376 628 1429 eadem
642 1375 728 1427 sallem
741 1375 828 1428 sullicit
842 1377 873 1428 ael
887 1379 930 1430 laos

138 1447 198 1510 quoe
212 1447 298 1500 dicatur
311 1461 411 1512 sponsus
424 1451 527 1514 respectu
541 1459 628 1500 eorum.

179 1519 223 1572 Sed
240 1522 336 1571 conta:
356 1518 465 1582 origenes
482 1531 514 1569 eu
545 1517 679 1569 reontico
696 1517 797 1582 (liomil.
812 1519 856 1583 a),
878 1521 931 1572 rtis·

138 1588 222 1652 tinguit
237 1595 333 1653 quatuor
345 1602 468 1654 personas;
484 1603 516 1640 sor
526 1590 571 1640 luet
584 1605 598 1638 o
610 1601 719 1653 sponsam
731 1593 754 1641 ot
767 1601 877 1654 sponsam
887 1629 895 1654 ,
907 1597 930 1642 et
974 1650 975 1662 χ

137 1661 320 1712 adolescentulas
333 1665 357 1710 et
370 1660 459 1712 sodales
471 1655 562 1724 sponsu
575 1664 620 1709 nat
630 1658 686 1710 dicit
696 1659 757 1722 quel
768 1661 930 1724 eanpelisnnt

138 1730 227 1780 sodales
238 1730 326 1793 sponsi.
337 1746 351 1778 e
361 1729 417 1782 Cim
430 1743 484 1792 argo
496 1729 560 1780 detes
573 1740 620 1780 non
632 1728 757 1780 debeantur
767 1729 812 1780 uisi
826 1744 928 1796 sponsae,

138 1798 226 1850 uidetur
244 1801 303 1864 quod
319 1799 407 1864 angelis
423 1801 487 1852 letes
507 1813 553 1852 uon
565 1797 710 1852 conueniant.

170 1870 412 1933 praememoratus
429 1869 575 1936 desponsavit
591 1869 635 1920 sibi
652 1867 775 1922 &nestum
795 1881 838 1934 per
852 1871 931 1923 inrar-

139 1942 253 1992 nationem
268 1945 291 1992 et
304 1942 448 2006 passionem
463 1943 524 1994 unde
536 1941 644 2006 llpnratur
659 1953 701 2004 per
719 1942 763 1992 lroo
772 1943 834 2004 quod
847 1943 931 1996 dieitur

139 2010 235 2069 Emori„
249 2011 281 2062 lv
294 2027 300 2062 ε
311 2011 579 2076 «Sponsussaupuiaum
589 2014 616 2061 tu
629 2011 728 2062 milries.
743 2027 758 2058 a
768 2012 816 2063 seri
826 2011 932 2064 christus

138 2095 180 2147 per
198 2084 326 2150 passionem
345 2087 370 2134 et
385 2083 561 2134 inminationem
582 2095 628 2132 non
640 2081 712 2134 aliter
727 2081 771 2133 luit
793 2083 932 2147 nonjnnmus

119 2175 122 2187 =
139 2153 228 2217 angelis
241 2154 307 2218 quim
318 2152 382 2218 prius
395 2158 452 2204 erat.
467 2153 525 2218 Ergo
536 2152 612 2220 angeli
624 2165 671 2204 nen
680 2152 798 2217 pertinent
806 2155 837 2204 ael
855 2153 932 2206 lleele·

140 2227 197 2278 sinm
213 2223 337 2276 melundino
351 2224 411 2288 quod
431 2223 533 2274 Ecclesia
552 2223 636 2276 dieitur
654 2235 745 2290 sponsa.
766 2223 825 2288 Ergo
842 2226 932 2288 eupolis

140 2309 186 2348 uon
199 2296 337 2348 conueniunt
349 2295 421 2345 dotes.

173 2367 335 2428 (Concessio.
346 2389 377 2404 -
396 2362 455 2414 Cium
474 2362 534 2415 inter
549 2377 659 2428 sponsum
675 2369 700 2416 et
717 2377 825 2428 spensam
841 2369 929 2419 natura

140 2437 285 2488 mulomitas
299 2435 433 2499 sequuntur,
441 2441 465 2485 et
474 2435 582 2486 curtatus
594 2447 669 2498 neque
680 2435 803 2488 mudum
816 2439 930 2489 unitate·

141 2508 226 2571 speciei
232 2543 241 2570 ,
257 2517 332 2570 neque
345 2504 468 2556 museum
479 2508 581 2555 naturam
596 2505 717 2556 humanam
729 2504 817 2568 argelle
832 2508 863 2558 sit
875 2521 930 2558 eon·

140 2577 235 2640 turmis,
250 2577 319 2627 rtotr's
332 2576 388 2628 ratio
401 2585 446 2624 non
456 2577 503 2626 tam
516 2573 605 2640 proprie
618 2576 705 2639 augelis
718 2575 786 2640 quim
799 2577 929 2628 leminitm

141 2647 277 2708 conuenit.)
521 2665 523 2670 ·

172 2716 307 2779 ltesponleo
319 2713 454 2778 dicendum,
465 2714 524 2779 quoe
542 2683 569 2767 ea
586 2727 637 2779 qna
650 2717 678 2766 aul
691 2716 756 2769 dotes
767 2716 849 2771 anime
862 2720 929 2784 parti·

142 2791 210 2847 nent,
222 2796 265 2834 uon
275 2790 310 2835 est
319 2785 411 2836 dubium
431 2786 519 2850 angelis
534 2787 593 2838 sieut
607 2792 632 2838 et
645 2787 776 2838 lrominilons
789 2791 925 2854 conuenirep

142 2854 183 2906 sed
199 2854 321 2906 seeundum
338 2854 448 2906 rationem
461 2855 530 2908 dotis
548 2855 701 2922 usnimais,
718 2856 778 2909 siout
788 2859 924 2926 nomnibus,
