1958 3314
125 198 156 235 mr
170 194 272 238 arenam
284 195 313 236 nr
326 195 530 238 rmannmmars
540 199 572 238 nx
581 198 776 243 secernerent.
803 194 854 248 tot

342 377 507 431 eluntcbttts
528 379 558 432 V.

208 503 295 550 Utrirm
309 515 364 550 cum
372 504 466 562 Moeno
475 505 546 551 liceat
558 506 702 563 ditmare.

58 685 59 690 χ
82 633 115 683 lid
128 631 235 696 oninium
249 630 283 682 sic
299 630 434 696 proceditur.
453 628 547 684 Videtur
560 631 622 698 qnid
636 647 688 686 cnm
706 633 797 700 bigamo
807 650 855 690 non

56 703 119 756 liceat
136 703 279 767 dispensare.
294 702 350 762 Quia
365 707 430 754 extra
444 701 613 767 Debiqamie,
624 717 675 769 cap.
687 707 786 770 Nuper,
798 706 855 760 dici-

56 779 103 826 tur:
121 792 135 824 a
145 776 205 825 Cum
217 774 305 826 clericis
318 775 375 838 qui,
391 773 416 825 in
434 778 544 838 quantum
561 774 586 826 in
597 775 654 840 ipsis
669 777 729 841 luit,
742 779 855 832 secundas

57 849 96 900 sibi
117 847 226 900 mulieres
250 847 418 912 coniunxerunt
439 845 652 912 matrimonialiter,
674 851 783 914 tanquam
803 864 855 902 enm

56 917 149 982 bigamis
162 932 210 970 non
221 917 277 970 licet
286 917 453 983 dispensare.»

84 996 107 1040 t.
122 992 253 1054 Preterea,
268 993 372 1042 econtra
385 989 425 1056 jus
439 989 542 1041 divinum
553 1003 600 1042 non
613 990 667 1042 licet
677 990 819 1056 dispensare.
838 1009 853 1042 o

56 1061 96 1114 Sed
115 1059 195 1114 omnia
215 1076 266 1127 qnae
282 1062 308 1112 in
323 1063 417 1113 canone
431 1061 553 1122 dicuntur,
568 1061 596 1112 ad
611 1061 651 1124 jus
662 1061 764 1112 lirinum
785 1063 856 1126 perti-

55 1137 113 1186 nent.
127 1133 189 1184 Girm
197 1147 250 1200 ergo
260 1135 384 1197 Apostolus
391 1135 416 1184 in
423 1134 539 1198 Scriptura
552 1134 660 1185 canonica
668 1133 728 1185 dicat
739 1137 767 1197 (l.
778 1137 853 1194 Tim..

55 1205 95 1269 ΙΙΙ)
108 1221 115 1256 :
130 1207 251 1270 «oportet
260 1204 399 1272 Episcopum
410 1203 479 1256 unius
489 1203 568 1256 uxoris
578 1203 653 1256 risum
666 1218 731 1268 esse,
740 1222 755 1254 n
765 1207 855 1260 videtur

55 1277 111 1340 qnod
123 1277 151 1328 in
165 1279 211 1330 boo
221 1291 267 1330 non
279 1277 352 1342 possit
365 1275 501 1342 dispensari.

85 1353 106 1400 ³.
121 1348 253 1412 Praeterea,
267 1349 367 1400 nnnllna
380 1350 455 1412 potest
465 1345 597 1414 dispensare
611 1347 635 1398 in
649 1346 687 1400 bis
699 1362 750 1411 qnae
760 1353 813 1402 sunt
826 1353 854 1404 de

56 1420 192 1472 necessitate
211 1420 385 1472 sacramenti.»
402 1417 447 1470 Sed
463 1431 512 1470 non
526 1429 577 1468 esse
596 1417 756 1482 irregularem,
774 1425 811 1472 est
827 1423 856 1476 te

56 1493 190 1544 necessitate
201 1493 338 1542 sacramenti
347 1489 442 1554 ordinis,
452 1487 504 1542 cnm
517 1487 662 1554 significatio,
670 1503 722 1555 quae
732 1496 767 1544 est
778 1506 853 1546 saera·
890 1489 892 1500 ⁴

56 1567 128 1616 mento
142 1563 288 1627 essentialis,
302 1563 362 1616 desit
379 1563 404 1614 in
423 1575 451 1614 eo
468 1561 508 1626 qni
522 1563 559 1616 est
573 1559 710 1628 irregularis
729 1563 788 1628 Ergo
809 1578 856 1618 non

55 1639 125 1700 potest
137 1636 164 1687 in
183 1637 228 1686 boe
241 1632 376 1699 dispensari.

7 1727 8 1750 r
84 1710 105 1758 t.
127 1708 286 1769 praetoremn
299 1707 342 1757 troc
363 1705 424 1772 quod
443 1702 608 1756 rationabiliter
631 1703 788 1768 factumest,
809 1720 856 1760 non

7 1779 8 1834 J
55 1782 126 1841 potest
141 1777 310 1830 rationabiliter
321 1777 412 1830 mutari.
421 1794 435 1826 n
445 1775 535 1840 Siergo
547 1777 624 1840 potest
633 1775 798 1845 rationabiliter
808 1779 857 1830 elis·

7 1871 8 1874 ¹
56 1851 144 1914 pensari
157 1863 211 1902 enm
222 1849 313 1914 bigamo
322 1887 335 1914 ,.
345 1845 530 1921 irrationabiliter
545 1848 581 1898 est
602 1845 625 1898 ei
638 1847 746 1911 adjuncta
766 1848 856 1916 irregu-

57 1919 144 1986 laritas;
160 1921 223 1986 qnod
237 1925 273 1972 est
286 1919 459 1974 inconveniens.

83 1994 128 2045 Sed
139 1994 225 2044 contra
242 1994 294 2055 est,
308 1991 370 2058 qnbd
391 1990 477 2044 anius
499 1993 561 2056 Papa
581 1991 723 2058 dispensavit
740 2007 792 2045 cnm
808 1994 858 2059 epi-

57 2076 122 2128 seopo
136 2063 317 2128 Panormitano,
330 2062 372 2127 qui
385 2067 434 2114 erat
446 2061 552 2130 bigamus
562 2062 606 2128 (l).

84 2135 209 2198 meteres,
222 2133 332 2186 Martinus
341 2135 404 2200 Papa
415 2133 483 2186 dicit:
497 2135 611 2200 eiectat,
624 2133 750 2187 silicinam
761 2148 857 2188 uxorem

56 2206 166 2272 accipiat,
177 2205 202 2256 in
215 2206 326 2258 lectoratu
336 2210 481 2271 permaneam
493 2207 532 2255 aut
542 2203 564 2255 si
574 2206 700 2258 necessitas
711 2206 789 2267 inerit,
802 2206 857 2256 sub·

57 2277 163 2331 liaconns
182 2278 238 2341 fiat,
253 2277 312 2328 nihil
330 2281 406 2329 antem
420 2290 496 2342 supra.
511 2275 635 2340 Similiter,
650 2275 671 2328 si
681 2276 788 2343 bigamus
805 2277 855 2326 lue-

57 2349 90 2400 rit.
101 2366 115 2397 r>
129 2351 206 2415 Ergo,
216 2349 246 2400 ad
259 2349 336 2400 minis
349 2361 422 2416 usqne
435 2350 465 2400 acl
481 2348 687 2412 subdiaconatum,
701 2362 754 2400 cnm
765 2361 793 2399 eo
810 2348 857 2400 dis-

56 2421 145 2484 pensari
157 2424 241 2485 potest.

88 2493 249 2554 (Conclusio.
263 2519 294 2530 -
302 2491 362 2542 Cim
374 2491 529 2556 irregulartms
541 2491 647 2557 bigamiae
658 2503 702 2542 non
716 2491 747 2542 sit
759 2491 787 2544 rie
800 2492 853 2556 jure

57 2563 171 2629 naturali,
187 2564 228 2614 sed
246 2563 360 2628 positivo,
374 2566 451 2628 potest
466 2565 528 2628 Papa
543 2577 595 2615 cnm
615 2561 705 2628 bigamo
723 2563 854 2627 dispensare

58 2633 80 2683 in
97 2635 203 2686 omnibns
221 2633 349 2698 ordinibns;
364 2635 485 2701 episcopus
502 2635 555 2688 verb
575 2633 648 2688 solim
667 2633 692 2684 in
714 2633 852 2697 minoribus,

59 2706 103 2757 nisi
117 2707 142 2758 in
156 2705 292 2772 quibusdam
303 2705 421 2769 casibus.)

87 2779 223 2844 Respondeo
234 2777 370 2842 dicendum,
387 2779 448 2844 qnod
457 2779 562 2844 bigamia
575 2789 621 2830 non
634 2781 671 2830 est
680 2777 787 2844 ammeta
796 2778 854 2830 irre·

91 2921 125 2988 it)
137 2926 172 2975 lta
182 2925 257 2974 relart
270 2926 351 2975 aloem
365 2926 390 2976 in
404 2925 510 2981 berec,
521 2925 577 2975 tint.
592 2923 633 2989 δι,
647 2937 699 2987 sap.
713 2904 807 2976 L'eetor.
