1948 3312
139 113 184 164 ott
282 118 480 169 murmurarunt,
495 118 587 164 numer.
603 116 656 168 nor,
671 117 728 156 aar.
746 119 783 156 nr.

138 198 241 250 similiter
255 197 353 250 mosanti
372 197 412 246 lux
433 193 557 248 colunum
575 204 710 256 carporum,
727 191 881 258 magioqnlm
900 207 939 244 aa·

137 271 223 331 gealur.

170 343 192 388 a.
208 339 326 400 Praeterea,
337 337 357 388 ei
368 337 473 386 innovato
490 333 580 386 nomine
590 345 683 396 corpora
696 333 803 386 colentia
816 337 938 389 innoven-

139 412 189 470 tnr,
202 411 290 472 oportet
304 407 364 471 qu'od
378 419 406 458 eo
419 405 551 456 deteriorare
563 403 648 456 luerint
662 403 730 454 etiarn
747 417 776 456 en
786 406 938 458 deteriorata.
966 403 967 464 ᾗ

139 477 184 530 Sed
198 481 241 530 hoo
257 491 303 528 non
314 477 404 528 ridetur
414 474 541 538 probabile,
552 473 605 524 olam
618 473 657 524 illa
665 485 760 538 corpora
772 475 823 524 siut
836 477 939 528 innno-
966 521 967 546 p

139 549 194 598 bilia
210 552 318 610 quantum
332 547 361 596 an
377 557 455 596 eornm
467 544 625 602 munitam„
634 543 692 606 ltrgo
705 555 749 594 neo
762 544 882 598 innovato
893 549 941 598 tro·
966 553 967 566 ¹

140 617 388 670 mineinnouabantur.
966 637 967 656 n

172 691 194 737 t.
210 687 331 745 erotema.
344 685 365 736 si
377 691 432 736 tune
440 684 548 736 deteriora
558 683 650 746 luerint,
664 687 752 750 oportet
764 685 830 749 quod
847 689 940 738 tantu

140 757 274 809 deteriorata
292 756 392 816 luerint,
413 759 521 819 quantum
543 755 650 806 mouetur
672 767 723 806 ease
742 755 891 808 melonula
915 757 938 808 ira

139 826 238 880 hominis
250 826 405 878 innovatione.
417 826 460 874 Sed
472 826 552 876 dieitrrr
564 826 636 882 leat,
647 825 723 887 xllx,
734 825 797 889 quial
812 843 829 874 ι
837 827 886 878 erit
899 829 939 879 lux

140 897 200 950 lune
215 896 275 948 siout
287 895 326 948 lux
340 896 426 948 solinu
440 896 499 958 Ergo
512 899 536 946 et
549 895 574 946 in
589 895 662 958 primo
677 899 738 946 statu
748 900 803 947 ante
814 903 940 961 pennatam

141 969 196 1020 luna
212 967 302 1019 lucebat
317 970 426 1032 quantum
447 979 508 1016 nuno
527 965 588 1016 lueet
607 967 649 1016 sol.
668 967 940 1033 usurpandamque

141 1037 196 1089 luna
211 1043 261 1088 erat
277 1041 456 1102 superterram,
470 1035 567 1087 fauebat
582 1035 642 1086 diem
658 1036 717 1086 siout
732 1040 862 1102 unnoao13
877 1041 940 1104 quon

142 1105 263 1160 manifesti
276 1107 532 1172 apponerentante,
547 1107 617 1168 perid
626 1105 685 1169 qnod
698 1106 782 1156 dieitur
795 1108 898 1166 oms..
913 1111 937 1170 l,

143 1178 205 1244 quoi
217 1179 271 1230 luna
282 1177 341 1228 lacta
351 1181 387 1228 est
400 1193 414 1224 «
432 1179 458 1226 ut
470 1179 577 1240 preesset
593 1175 686 1226 noeti.»
701 1175 760 1240 Ergo
774 1178 873 1230 homine
886 1193 938 1243 peo-

143 1253 210 1301 cante
228 1263 275 1303 non
291 1253 346 1300 sunt
358 1247 460 1298 eoelestia
474 1259 568 1310 corpora
579 1247 691 1297 diminuta
703 1245 728 1296 in
745 1247 850 1312 lumine;
865 1253 890 1301 at
906 1251 939 1300 ita

143 1331 187 1370 neo
200 1331 277 1372 eorum
287 1318 366 1369 lumen
377 1315 503 1380 augebitur,
516 1319 542 1366 ut
559 1315 656 1375 vitatur,
671 1315 696 1366 in
712 1316 813 1370 hominia
825 1318 939 1382 plodite·

144 1388 216 1441 tione.

177 1461 319 1513 tt.Prelerea
328 1496 334 1520 ,
342 1459 431 1510 claritas
445 1469 563 1521 corporum
574 1455 698 1509 nolentim
705 1456 822 1510 ominatur
832 1461 865 1512 nal
875 1473 941 1514 unm

145 1530 258 1594 homnis,
274 1530 334 1580 siout
352 1532 376 1579 et
395 1528 445 1578 alire
468 1530 584 1578 creature.
604 1528 651 1578 Sed
676 1532 728 1591 post
746 1531 938 1584 resumentionem

146 1598 237 1651 claritas
255 1600 310 1652 solis
319 1613 365 1651 non
376 1599 440 1649 cedet
451 1598 475 1647 in
488 1598 586 1648 hominis
604 1611 683 1660 usnm;
695 1598 775 1649 dieitur
787 1599 851 1652 enim
866 1605 937 1661 leot..

146 1670 203 1722 tlt:
219 1689 233 1720 u
242 1672 292 1723 Non
307 1670 351 1722 orit
366 1668 408 1720 tibi
421 1666 518 1732 amplilra
532 1669 566 1719 sol
579 1669 606 1717 ad
625 1668 745 1719 luoenrlnnr
759 1671 886 1735 peritiam,
901 1687 941 1726 neo

147 1743 252 1804 splendor
265 1742 326 1792 luna
339 1737 476 1790 illuminabit
490 1742 528 1798 te;
546 1753 559 1784 u
574 1741 597 1787 et
610 1737 722 1802 Apocnl„
736 1740 787 1790 lllll
803 1754 810 1791 ι
828 1743 939 1794 «cirita

148 1809 187 1861 illa
200 1816 309 1872 neregel
323 1810 370 1860 sole
383 1821 457 1874 neque
471 1805 573 1870 lunl‚ut
584 1807 675 1858 luceant
685 1807 709 1856 iu
718 1820 779 1860 oa.»
793 1811 939 1876 Ergoaomm

150 1880 240 1933 olarios
252 1892 298 1930 non
317 1877 444 1942 augebitur.

181 1957 204 2002 6.
218 1953 345 2010 preterea,
355 1962 401 2000 non
414 1952 476 2000 emet
487 1947 579 2014 sapione
588 1948 684 2010 artilex,
694 1949 733 2012 qui
744 1949 846 2004 mamma
857 1953 940 2005 imru·

150 2027 226 2076 menta
239 2023 324 2074 laceret
339 2019 368 2070 ad
386 2019 474 2082 miuron
495 2019 608 2072 modinum
621 2018 740 2070 artilleinm
753 2027 939 2076 romonum,

150 2093 195 2146 sed
216 2095 284 2144 lromo
306 2094 342 2143 oet
361 2089 473 2154 quoddam
495 2089 613 2140 minimum
631 2089 799 2154 commeatione
813 2096 939 2148 emieatiun

149 2177 277 2228 eorporurn,
287 2174 339 2226 oure
347 2159 389 2212 sua
397 2160 483 2223 iupenti
494 2159 647 2224 magnitudine
664 2160 729 2224 qnasi
737 2160 939 2228 intromparabilitoe

151 2233 251 2286 hominis
259 2231 406 2296 quantitatem
420 2230 604 2296 exeriunt3imll
612 2230 679 2280 etiam
690 2231 784 2284 «urim
796 2237 864 2288 terro
871 2251 939 2301 quau·

151 2303 208 2354 titas
218 2316 243 2354 se
253 2303 321 2352 halet
333 2300 362 2350 arl
375 2300 456 2350 colum
468 2305 493 2350 ut
503 2305 600 2365 punctus
606 2301 633 2352 al
643 2301 762 2364 ephorum,
773 2303 860 2356 »aaut
872 2313 939 2359 autu

151 2374 199 2438 logi
211 2375 299 2426 dieunt.
317 2369 373 2423 clun
389 2383 442 2433 ergo
455 2371 515 2421 Deus
532 2370 562 2421 uit
579 2368 773 2435 sapientissimus,
792 2387 839 2426 nou
854 2379 939 2429 vitetur

153 2444 214 2508 qnod
231 2442 283 2494 ilnia
297 2441 415 2494 mentionis
428 2439 480 2492 coti
496 2440 527 2492 sit
540 2443 622 2503 laomo;
636 2442 704 2492 etita
718 2454 762 2493 non
776 2444 870 2497 ridetur
882 2449 938 2512 quui

153 2526 182 2630 ¹eo
196 2517 317 2578 peooante,
333 2512 416 2564 orelam
429 2511 586 2564 denaniorum
598 2511 642 2573 eit,
656 2523 737 2570 nonen
754 2512 883 2575 ammirato
895 2529 939 2568 ut·

163 2581 256 2636 iuretur.

185 2653 231 2706 sel
245 2656 322 2705 eontra
331 2657 378 2718 eet,
386 2646 454 2718 'quoa
466 2649 548 2704 licitur
561 2649 630 2708 reae,
642 2649 722 2701 ilxll:
739 2667 753 2700 a
766 2651 813 2703 ltrlt
831 2654 871 2706 lux
883 2655 938 2710 luna

156 2724 215 2776 aient
231 2726 272 2776 lux
285 2725 356 2785 eolis,
378 2729 401 2775 et
414 2725 452 2774 lux
466 2722 521 2774 sois
534 2719 740 2784 septempliciter.»

188 2795 311 2857 preterea,
327 2791 498 2846 totus'munrlus
515 2789 660 2842 innovabitur
673 2789 698 2840 in
717 2791 810 2855 meino,
825 2798 851 2844 ut
861 2796 937 2848 nuru
