1980 3320
177 203 209 238 DE
225 201 346 241 coasattstt
361 201 451 240 COACTO
466 202 494 240 BT
512 201 695 242 comotttottano.
808 195 836 240 57
848 257 856 270 Ι

65 279 196 338 Praeterea,
207 277 227 326 si
239 280 355 328 teneretur
369 277 472 340 obedire,
482 278 596 342 sponsalia
610 291 651 342 per
662 280 768 341 parentes
779 289 838 328 cou-

38 353 106 398 tracta
122 349 209 411 absque
229 361 343 398 consensu
358 348 455 399 ollarum
472 354 548 400 assent
566 349 663 400 stabilia.
675 349 720 399 Sed
737 350 782 399 lroc
802 353 838 398 est

40 425 117 470 contra
131 421 193 483 jura.
209 420 278 482 Ergo,
292 423 338 469 etc.

9 499 16 592 p
69 489 382 554 (Concunsro.-Ci1mper
393 492 560 543 matrimonium
572 494 641 544 homo
650 497 764 556 perpetum
774 503 838 541 man-

38 563 126 626 cipetur
134 561 259 624 seruituti,
271 575 317 612 oon
328 564 405 625 potest
417 567 481 626 pater
494 563 564 613 lilium
579 576 658 626 cogere
675 563 703 614 ad
718 562 849 612 matrimo-

37 633 113 694 nium,
129 645 262 696 quanquam
282 633 347 682 illum
364 646 393 682 cn
407 633 483 698 aliqua
492 633 621 686 rationabili
637 641 706 684 causa
721 635 749 683 ad
762 635 836 697 ipsum

9 743 10 782 p
38 705 108 768 possit
121 702 265 766 inducere.)

65 778 207 842 Respondeo
223 777 357 839 dicendum,
374 775 449 840 quod,
464 775 516 826 olm
531 777 555 826 in
570 777 714 828 matrimonio
731 775 760 826 sit
773 776 838 839 quasi

37 852 138 912 quadarn
155 848 257 899 seruitus
268 852 394 912 perpetua,
410 851 475 912 pater
484 861 529 899 non
541 854 617 912 potest
633 861 713 912 cogere
725 847 794 898 lilium
809 848 836 898 ad

38 919 209 972 matrimonium
221 931 263 982 per
276 921 425 982 preceptum,
439 919 490 970 clam
504 920 534 970 ait
547 921 624 972 libera
635 919 784 982 conditionis3
795 920 835 968 sed

36 996 111 1056 potest
130 1005 185 1041 eum
205 989 312 1040 inducere
330 1003 360 1040 eu
376 987 504 1042 rationabili
519 1004 595 1043 causa.
612 993 640 1041 Et
656 996 711 1040 tuna
734 990 793 1040 sicul
813 1003 837 1040 se

38 1064 104 1114 latret
123 1062 185 1111 lilius
199 1062 228 1110 ad
242 1073 332 1112 causam
346 1061 421 1123 illam,
431 1061 463 1112 ita
475 1075 499 1114 se
513 1063 581 1113 habet
599 1062 628 1113 acl
646 1065 782 1126 praeceptum
796 1072 837 1124 pa-

39 1135 93 1198 tris3
106 1139 134 1184 ut
151 1133 242 1184 scilicet
256 1133 275 1182 si
290 1145 357 1183 causa
372 1133 411 1182 illa
428 1137 493 1196 cogat
506 1135 534 1184 de
546 1134 681 1186 necessitate
699 1134 736 1183 rel
749 1133 778 1182 de
790 1134 836 1182 ho-

40 1211 135 1270 nestate,
146 1210 171 1256 et
185 1207 325 1268 praeceptum
333 1205 405 1267 patria
417 1203 522 1255 similiter
532 1209 613 1270 eogat3
625 1204 681 1256 alias
697 1217 751 1255 non.

69 1279 102 1328 acl
116 1277 285 1341 primum-ergo
303 1275 435 1340 dicendum,
450 1275 511 1340 quoa
523 1277 618 1327 uerbum
629 1276 730 1340 Apostoli
743 1289 790 1327 non
803 1277 836 1326 ia·

9 1389 10 1392 ,
43 1348 148 1412 telligitur
159 1347 185 1396 iu
201 1346 248 1396 illis
257 1347 282 1395 in
295 1347 377 1408 quibus
388 1351 423 1396 est
433 1349 490 1398 liber
500 1347 550 1409 sul,
563 1348 621 1398 sicut
631 1351 705 1410 pater.
716 1348 745 1396 Et
756 1346 836 1410 liujus·

44 1419 99 1469 modi
111 1423 149 1469 est
163 1417 348 1480 matrimonium,
359 1431 401 1482 par
413 1419 473 1482 quod
487 1419 555 1469 etiam
571 1418 630 1468 filins
643 1419 668 1467 ot
681 1421 756 1482 pater.

9 1493 10 1504 *
70 1491 101 1540 lld
117 1489 247 1540 secuudum
262 1487 382 1539 dicendum
393 1527 399 1546 .
412 1489 471 1553 quod
481 1490 549 1542 Jacob
562 1490 618 1540 alias
628 1490 746 1540 tenebatur
764 1489 789 1538 ad
804 1488 837 1536 l-

9 1555 11 1614 l
48 1562 142 1612 ciculum
157 1562 204 1611 troc
216 1561 278 1624 quod
288 1562 407 1611 mandabat
422 1562 500 1612 laaac':
512 1571 558 1612 tum
568 1567 660 1632 propter
670 1561 780 1612 malitiam
788 1559 838 1610 illa-

45 1646 86 1682 run
95 1633 229 1694 mulierum3
242 1635 289 1681 tam
303 1633 357 1694 quia
368 1645 448 1683 semen
458 1635 567 1684 chanaan
578 1636 605 1685 de
617 1639 675 1685 terra
690 1646 740 1696 qua
754 1634 839 1682 semini

44 1705 216 1770 patriarcharum
241 1704 426 1767 promittebatur,
450 1709 498 1755 erat
525 1704 710 1768 disperdendum.
732 1703 762 1752 Et
786 1703 839 1753 ideo

44 1777 101 1826 isaac
119 1775 245 1840 praecipare
256 1778 353 1838 poterat.

70 1849 102 1898 Ad
118 1845 214 1897 tertium
231 1845 364 1905 dicendum,
378 1847 437 1910 quod
448 1861 495 1898 non
505 1847 584 1912 jurant
597 1846 640 1896 nisi
653 1846 691 1896 illa
705 1845 836 1896 conditione

44 1919 212 1979 subintellecta,
227 1917 248 1968 si
259 1917 305 1968 illia
318 1918 441 1983 placueril;
459 1924 482 1970 et
494 1919 539 1983 ipsi
549 1918 717 1982 obliganturad
731 1931 770 1968 eos
780 1917 839 1967 hona

47 1990 86 2041 licta
99 1991 264 2040 inducendum.

72 2065 105 2114 aa
118 2067 228 2125 quartum
237 2062 366 2126 dicendum,
377 2063 437 2126 quaid
448 2063 528 2114 dicant
538 2063 637 2126 quidam,
650 2061 709 2126 quod
721 2073 781 2125 papa
794 2072 839 2108 uon
895 2073 897 2078 ’

47 2139 117 2199 potest
127 2134 253 2199 pracipere
271 2135 340 2185 alicui
353 2134 414 2198 quod
428 2135 524 2200 accipiat
537 2134 708 2198 episcopatum,
719 2133 772 2196 quia
784 2144 839 2181 eorr-

46 2207 203 2258 persuadebat
216 2205 274 2256 lilrer
287 2219 348 2256 esse.
360 2207 418 2270 Sed,
428 2209 472 2257 laoc
481 2207 564 2270 posito,
575 2206 660 2270 periret
672 2203 839 2255 ecclesiasticus

46 2279 113 2342 ordo;
127 2277 173 2330 nisi
188 2277 252 2328 eninr
270 2276 351 2340 aliquis
364 2281 442 2340 posset
453 2277 502 2340 cogi
514 2279 542 2328 ad
556 2276 724 2341 suscipiendum
739 2273 840 2336 regimen

46 2350 164 2412 tamenim,
182 2347 285 2398 Ecclesia
296 2349 425 2399 conservari
436 2361 482 2400 non
495 2353 588 2412 posset,
597 2348 649 2398 cnm
660 2345 795 2410 quandoque
808 2343 840 2393 illi

45 2421 79 2482 qui
90 2426 145 2471 snut
155 2421 233 2472 idonei
247 2421 275 2470 aa
289 2421 334 2470 troo
344 2421 436 2480 ‚nolint
450 2421 579 2485 suscipere,
594 2421 639 2471 nisi
655 2418 735 2470 coacti.
750 2419 778 2467 nc
787 2418 840 2468 ideo

47 2493 178 2555 dicendum,
191 2491 253 2554 quart
266 2503 314 2542 non
327 2494 363 2542 est
372 2492 445 2542 simile
453 2492 506 2542 lriuc'
515 2493 578 2554 inde,
590 2492 645 2555 quia
657 2503 703 2541 uon
715 2499 750 2540 est
766 2489 840 2550 aliqua

48 2563 168 2628 corporalis
187 2563 286 2612 seruitus
304 2561 329 2611 in
343 2562 486 2614 matrimonio
506 2562 632 2628 spirituali,
645 2563 705 2612 sicut
723 2563 747 2610 io
761 2572 840 2622 corpo·

48 2637 93 2698 rali;
103 2641 139 2687 est
152 2634 214 2686 enim
224 2633 343 2698 spirituale
355 2635 523 2686 matrimonium
537 2635 596 2684 sicut
611 2635 723 2698 quoddam
740 2631 839 2682 officium

48 2706 201 2771 tispamauda
218 2706 253 2756 rei
270 2705 381 2769 publiea,
395 2707 414 2755 l.
430 2708 499 2770 Gor„
514 2707 543 2755 tt
559 2721 564 2754 :
582 2722 595 2754 a
608 2707 648 2756 Sic
665 2717 706 2755 nos
724 2703 840 2753 existimet

50 2780 111 2832 loroo
121 2785 147 2832 at
157 2779 285 2842 ministros,
300 2794 314 2827 u
330 2781 377 2828 elo.
