1980 3320
143 169 181 220 *tt
293 177 679 228 sunrnnnnurn1‚nnasr.xnn,
695 177 752 228 nur.
769 177 805 220 nn.
860 214 878 232 ⁴,

145 253 261 320 mediatum
275 255 335 317 quod
349 253 375 304 fit
388 267 416 304 ex
430 255 479 320 ipsa
494 257 576 306 natura
596 254 674 318 actius,
689 253 743 317 quia
756 255 810 304 dum
829 256 968 321 concupis·

148 325 231 378 ceutiae
244 325 328 379 satisfit
339 325 362 376 in
376 329 427 376 actu
442 325 572 390 conjugali,
587 326 615 376 ad
627 325 685 376 alias
698 325 843 390 corruptelas
863 339 918 378 non
932 327 968 378 ita

144 397 238 448 inuitat.
255 397 351 462 Propter
364 398 425 462 qnod
440 397 497 448 dicit
512 397 634 461 Apostolus
651 397 672 446 l.
686 395 753 460 Con,
769 397 831 447 vit:
847 414 863 444 u
877 397 968 450 Melius

144 468 284 519 estundere
303 469 372 531 qn'am
386 469 429 518 uri.
444 485 458 516 u
472 469 580 527 Quamuis
596 468 659 519 enim
673 481 743 532 opera
759 468 966 533 concupiscentiae

142 533 245 601 cognata
262 538 386 588 secundnm
400 553 425 591 se
444 544 498 590 nata
512 539 557 589 sint
576 538 783 602 concupiscentiam
800 541 904 602 augere,
926 545 964 589 ta·

147 621 220 670 men,
234 609 360 659 secundini
382 611 441 674 qudd
460 609 546 660 ratione
561 609 703 670 ordinantur,
718 611 791 674 ipsam
810 609 963 674 reprimunt,

143 675 203 744 ania
218 697 231 728 u
245 693 273 730 ex
287 678 398 732 similibus
411 681 497 732 actibus
512 681 599 733 similes
615 680 774 744 relinquuntur
790 679 965 744 dispositiones

141 754 175 802 dt
185 750 285 802 habitus.
299 767 313 800 a

442 869 600 922 inuentus
616 869 654 920 lV.

246 992 331 1038 vtratm
347 994 455 1040 caenare
470 995 606 1040 commistio
622 995 657 1040 ,sit
676 995 705 1040 dc
726 993 867 1051 intepuitotr

477 1058 635 1105 matrimonii.

184 1181 221 1231 Ad
243 1184 348 1245 quartum
370 1182 403 1232 sic
424 1181 561 1246 proceditur.
575 1183 670 1233 Videtur
687 1181 749 1246 quid
772 1181 870 1233 carnalis
892 1196 959 1235 com·

146 1253 233 1305 mixtio
244 1254 275 1304 sit
285 1254 312 1304 de
323 1253 455 1318 integritate
469 1254 616 1306 matrimonii.
627 1255 654 1305 tn
667 1254 719 1318 ipsa
734 1254 795 1305 cuim
809 1253 956 1306 institutione

151 1324 291 1376 matrimonii
304 1325 391 1375 dictum
404 1330 439 1378 cst
451 1341 458 1375 t
472 1342 485 1376 u
499 1325 572 1376 Erunt
583 1327 627 1377 duo
640 1325 665 1376 in
682 1337 749 1376 carne
763 1338 817 1376 una.
828 1341 842 1372 u
854 1325 901 1377 Sed
910 1325 958 1378 hoc

132 1437 137 1442 .
151 1409 201 1447 non
215 1395 241 1446 tit
249 1396 294 1447 nisi
306 1411 347 1461 per
361 1397 475 1448 carnalem
489 1397 682 1450 commixtionem.
696 1398 754 1461 Ergo
769 1399 805 1448 cst
819 1395 847 1447 dc
860 1396 957 1462 integri-

145 1469 199 1534 tate
212 1468 358 1520 matrimonii.

184 1543 208 1590 2.
227 1542 338 1592 Praeterea
347 1539 423 1605 ,illud
442 1543 502 1605 qnod
524 1541 624 1606 pertinet
640 1544 669 1594 ad
685 1541 821 1594 sacramenti
835 1541 955 1607 'signitica-

145 1609 252 1672 ¹tionem,
261 1613 297 1662 ast
311 1611 339 1662 dc
350 1612 487 1664 necessitate
496 1614 645 1677 sacramenti,
659 1619 684 1665 ut
697 1613 830 1678 praedictum
844 1617 889 1665 cst.
909 1615 954 1665 Sed

143 1681 249 1731 *carnalis
266 1682 397 1734 commixtio
410 1684 509 1748 pertinet
521 1685 548 1734 ad
560 1684 750 1748 significationem
762 1683 914 1748 matrimonii,
928 1688 953 1735 ut

146 1751 178 1818 'in
200 1751 276 1802 littera
297 1753 389 1803 dicitnr.
404 1755 463 1818 Ergo
478 1757 515 1805 est
532 1755 560 1805 dc
576 1754 708 1817 integritate
730 1755 874 1806 sacramenti.

185 1827 208 1874 3.
225 1825 345 1889 Praetcrea,
355 1825 398 1876 hoc
413 1831 578 1878 sacramentnm
590 1826 706 1877 ordinatur
719 1828 747 1878 nd
758 1825 953 1878 conseruationem

142 1893 246 1958 speciei.
263 1893 307 1944 Sed
325 1895 466 1946 conservatio
484 1897 568 1962 speciei
583 1909 628 1948 non
646 1898 721 1962 potest
742 1898 791 1948 iteri
805 1897 854 1948 siue
870 1899 953 1949 carnali

150 1966 322 2017 commixtione.
342 1967 401 2031 Ergo
415 1970 450 2017 est
464 1966 492 2019 de
505 1967 636 2033 integritate
654 1969 797 2020 sacramenti.

185 2039 209 2086 t.
229 2037 359 2098 Praetcrea,
378 2037 547 2090 matrimonium
572 2043 607 2090 cst
630 2039 952 2100 sacramentum,'secundt1m

147 2105 214 2170 apudd
228 2108 353 2158 remedium
369 2111 445 2159 contra
456 2109 667 2174 concupiscentiam
677 2113 785 2175 prestat,
798 2111 825 2161 de
839 2123 883 2174 quo
895 2109 950 2162 dicit

146 2177 275 2244 itpostolns
290 2180 309 2230 t.
321 2178 392 2240 Coc„
405 2181 453 2243 vlt,
468 2180 529 2246 qndd
540 2199 554 2230 «
565 2181 647 2233 melitus
657 2187 692 2232 est
702 2182 787 2233 nubere
801 2180 867 2244 quim
881 2181 949 2232 urio

144 2249 198 2302 Sed
217 2252 261 2301 hoc
281 2251 409 2303 remedium
423 2265 468 2303 uon
483 2256 575 2318 prestat
589 2252 625 2306 his
638 2253 678 2320 qni
698 2251 818 2314 carnaliter
833 2266 877 2306 non
891 2266 950 2306 com·

146 2319 285 2371 miscentur.
303 2321 363 2386 Ergo
376 2321 437 2374 idem
450 2321 511 2388 qudd
530 2322 601 2391 prius.
708 2319 711 2324 ’
939 2385 942 2392 ,

184 2391 229 2443 Sed
245 2397 337 2457 contra,
351 2395 374 2444 in
397 2396 500 2460 paradiso
522 2397 566 2448 fuit
585 2397 763 2450 matrimonium.
786 2397 831 2450 Sed
852 2399 884 2450 ibi
902 2413 947 2453 non

150 2459 196 2512 nu
212 2465 308 2516 carnatis
326 2469 415 2529 copula.
431 2468 489 2534 Ergo
504 2469 635 2522 commixtio
647 2469 743 2520 carnalis
756 2483 802 2522 nou
816 2473 852 2522 est
866 2471 892 2522 do
905 2469 945 2522 iu-

148 2532 257 2596 tegritate
274 2535 421 2588 matrimonii.

184 2603 311 2667 Praeterea,
331 2612 496 2660 sacramentum
509 2605 547 2661 'en
573 2625 614 2664 suo
639 2612 732 2664 nomine
751 2611 945 2664 sanctificationem
972 2619 973 2626 ’

147 2673 267 2753 importat.
285 2677 328 2728 Sed
338 2679 387 2729 siue
396 2680 480 2736 cannati
489 2683 651 2734 commixtione
663 2687 698 2734 est
708 2680 873 2736 matrimonium
881 2697 944 2735 sanc·

148 2746 211 2808 trus,
225 2744 288 2798 utin
301 2748 376 2800 littera
391 2751 481 2803 dicitnr.
494 2753 553 2816 Ergo
564 2753 662 2804 carnalis
678 2753 811 2806 commixtio
821 2767 865 2806 non
876 2757 943 2808 estdc

148 2817 286 2872 uccemitate
298 2822 443 2875 sacramenti.
541 2869 543 2874 .

184 2888 348 2950 (coumnsro.
363 2919 394 2931 -
406 2893 509 2958 Carnutis
529 2893 723 2948 commixtiones
742 2897 771 2948 ad
791 2896 893 2962 punam,
904 2899 942 2950 sed
