1968 3294
238 161 269 199 nn
284 159 379 198 vasione
393 159 482 199 nrvrnn
496 159 627 211 menimis,
644 159 697 200 erc.
808 163 855 214 oen

55 237 150 289 habet.
165 236 212 286 Sed
226 236 246 286 si
259 235 368 287 reseratur
389 234 469 286 modas
481 236 508 286 nd
523 235 595 300 ipsam
613 239 799 300 mgnementemt
812 251 857 291 non

57 307 189 360 videbitur
211 305 277 356 sicuti
294 310 343 370 est·,
356 306 410 369 qnia
429 317 475 356 non
485 305 528 358 erit
545 309 608 356 tanta
619 305 719 357 elisacia
730 307 858 358 intelteetds

57 377 142 429 creati
158 376 186 426 ad
203 375 340 438 videndum,
353 379 437 441 quanta
450 379 485 426 εει
497 376 599 428 efficacia
612 376 717 428 emendo
733 376 815 428 divino
827 380 857 428 ad

60 448 115 499 troc
127 446 189 510 qdod
202 444 349 508 intelligatur.
714 481 716 488 ,

99 518 137 567 nd
150 515 261 566 decimum
277 516 379 578 quintam
394 515 526 578 dicendum,
535 513 595 578 qndd
613 514 763 566 mediocria
776 528 856 580 corpo-

57 589 112 639 rali
121 586 210 638 anione
218 589 242 636 et
251 585 397 638 intellectuali
408 585 523 638 invenitur
535 585 618 650 triplex
630 601 636 636 :
647 585 743 649 primum
756 590 792 638 est
806 601 856 636 me·

58 659 146 708 diam
163 655 208 704 cad
220 670 268 720 quo
281 655 394 713 videtur:
406 660 430 708 et
446 657 490 706 hoc
506 655 614 718 estquod
626 656 715 717 perlicit
734 655 807 707 nsum
826 659 854 706 ad

58 727 193 777 videndum
204 724 228 774 in
239 725 346 788 generati,
357 737 402 775 non
412 725 566 776 determinans
576 724 650 774 visam
661 727 689 776 ad
702 725 792 789 adpnod
799 721 855 790 'spe-

58 797 126 848 ciale
148 795 277 858 objectum
295 793 356 844 aient
376 807 401 845 ss
418 795 487 848 natet
505 795 582 847 lamen
597 795 711 858 corporale
733 798 760 848 ad
779 797 854 850 visam

57 865 225 930 corporalem,
238 867 262 914 ct
275 864 352 914 lumen
365 865 491 916 intellectis
503 865 591 928 agentis
607 867 635 916 ad
648 865 786 919 intellectum
802 880 855 931 pos·

57 935 157 986 sibilern
170 932 293 984 secmdim
306 933 366 996 qnod
382 938 417 988 est
429 934 534 986 medinm.
548 934 673 985 mundum
691 939 728 986 est
740 938 854 986 mediam

60 1019 118 1070 qno
136 1003 255 1065 videtum
271 1007 296 1054 et
307 1003 356 1054 daec
373 1006 409 1054 est
429 1003 500 1054 torma
513 1003 607 1054 risibilis
629 1017 673 1067 qna
694 1006 855 1058 determinatur

59 1079 165 1138 artemas
177 1073 241 1124 rism
257 1075 284 1126 ad
295 1072 393 1136 speciale
404 1071 527 1134 objectum,
537 1072 597 1124 sicut
612 1086 652 1136 per
665 1074 758 1124 lormam
772 1075 854 1138 lapidis

59 1146 94 1197 ad
109 1144 291 1208 cognoscendam
301 1142 407 1208 lapidem.
423 1141 523 1194 Tertium
535 1147 571 1192 est
584 1143 699 1192 medium
712 1147 739 1193 tn
749 1158 798 1208 qao
812 1149 855 1196 ει-

60 1215 162 1274 cletum
173 1216 197 1263 et
214 1214 257 1264 hoe
275 1216 311 1264 est
326 1213 349 1262 id
363 1224 404 1276 per
415 1210 483 1274 cnjus
497 1211 664 1274 inspectionem
682 1213 771 1263 decitur
792 1213 854 1264 risus

61 1285 90 1334 in
106 1284 176 1334 aliam
189 1295 245 1342 rem,
259 1282 316 1333 sicat
332 1280 470 1344 inspiciendo
482 1281 599 1343 spenmmi
615 1281 704 1332 decitur
718 1281 743 1332 in
757 1293 784 1332 ea
803 1295 854 1345 qne

61 1355 90 1404 ic
110 1350 207 1415 speculo
223 1355 419 1416 representantur,
433 1355 457 1400 ct
475 1351 573 1402 ridendo
587 1349 707 1414 imaginem
725 1350 813 1402 duntur
829 1353 853 1403 in

61 1423 232 1486 imaginatum
248 1421 282 1472 sic
297 1421 365 1473 etiarn
381 1420 508 1472 intellectos
529 1433 571 1484 per
590 1419 740 1484 cognitionem
759 1420 853 1474 ellectds

62 1495 161 1548 ducitur
172 1493 197 1544 in
213 1503 319 1554 mmmm,
333 1492 371 1542 vel
390 1490 534 1542 econverso·
549 1493 576 1544 ln
595 1491 681 1542 visione
693 1491 762 1554 igitar
775 1493 852 1555 patriae

63 1577 115 1620 non
129 1565 174 1615 erit
186 1563 276 1613 tardam
287 1561 400 1612 meddam
408 1565 434 1611 nt
444 1561 531 1614 scilcet
542 1562 601 1613 tiens
611 1574 649 1625 per
659 1563 747 1624 species
759 1562 852 1614 eliorum

62 1637 227 1700 cognoscatur.
243 1632 301 1683 siem
319 1645 381 1682 nnnc
404 1632 554 1694 cognoscltnm
569 1632 654 1682 ratione
673 1631 738 1694 eajds
759 1631 854 1684 dicimur

63 1719 130 1758 nnnc
146 1704 223 1755 ridere
242 1703 267 1753 in
287 1701 387 1766 speculo.
407 1703 455 1754 Nec
472 1703 516 1752 erit
533 1703 564 1754 inl
581 1703 704 1754 secundam
724 1701 850 1758 medr'um,

61 1777 122 1842 qnia
134 1775 183 1838 ipsa
194 1774 292 1826 essentia
304 1773 381 1824 divina
391 1773 434 1824 erit
451 1774 474 1823 id
485 1786 531 1837 qno
540 1773 666 1825 intellectas
678 1777 754 1824 noster
767 1772 852 1824 ridebit

61 1846 157 1907 mum,
174 1849 200 1896 nt
213 1856 242 1895 er
256 1844 322 1896 dictis
340 1847 412 1908 patet.
428 1843 472 1895 sed
489 1843 532 1894 erit
544 1845 577 1896 ilai
589 1843 676 1894 lentim
689 1844 787 1908 primum
803 1858 853 1896 ore,

62 1919 160 1979 dium·
175 1915 235 1980 qnod
244 1914 342 1966 elevabit
353 1914 491 1966 intellectam¹
504 1919 606 1967 nostrnm
616 1914 695 1968 adlice
708 1915 768 1978 quod
780 1915 852 1979 possit

62 1987 177 2054 conjungi
189 1986 319 2038 redemtio
331 1985 436 2037 increato
446 1987 511 2038 mado
519 1985 690 2050 moimmsen
702 1987 730 2036 alr
745 1987 788 2036 troc
802 1998 852 2038 me·

63 2061 106 2112 dio
121 2070 168 2110 non
181 2055 263 2107 dicitnr
276 2055 374 2120 cognitio
391 2055 519 2119 oredtcta5
531 2057 585 2120 qnia
604 2068 651 2108 non
664 2057 725 2108 cadit
744 2055 804 2105 ictm
815 2069 853 2106 co-

64 2132 215 2195 gnoscentem
227 2129 252 2177 et
262 2139 311 2176 rem
323 2126 450 2190 cognitam
459 2127 499 2176 sed
512 2132 548 2178 εει
565 2125 620 2178 illnd
629 2127 690 2190 qnod
704 2127 743 2178 dat
758 2137 854 2187 eognos-

64 2200 129 2254 cedd
145 2199 192 2248 vim
209 2197 366 2261 menoecendi.

100 2271 134 2322 td
155 2267 266 2321 decimum
279 2273 367 2318 sextum
382 2265 516 2326 dicendum,
530 2265 589 2330 qndd
604 2269 712 2316 creatura
728 2265 853 2328 corporales

66 2340 234 2394 mendicentur
250 2336 378 2388 immediate
394 2335 472 2395 rideri,
486 2335 531 2386 nisi
546 2337 636 2398 quando
656 2334 678 2386 id
697 2336 754 2397 quod
773 2339 808 2386 est
828 2336 853 2386 in

64 2413 105 2464 eis
120 2407 273 2472 mnjnngliilc
286 2407 358 2469 risui,
370 2405 392 2456 ei
405 2403 557 2468 coniungitur.
576 2404 626 2453 Non
641 2408 695 2453 sunt
706 2407 782 2453 animm
798 2417 854 2456 con·

64 2481 189 2548 jmpistles
203 2478 264 2529 visci
272 2491 312 2541 per
323 2475 443 2528 essentiam
456 2486 529 2535 scam,
544 2471 629 2522 ratione
642 2472 813 2523 materialitatis.
824 2474 853 2524 Et

67 2555 121 2604 ideo
135 2555 192 2602 tnnc
206 2547 333 2600 immediate
344 2547 455 2606 ridentur,
470 2543 558 2607 quando
570 2553 646 2592 earum
655 2541 776 2592 similitudo
793 2542 852 2594 risui

67 2621 221 2686 conjungitur.
231 2618 274 2668 Sed
294 2618 354 2668 Dens
366 2628 408 2680 pcr
426 2613 548 2666 essentiam
567 2624 630 2662 snam
642 2610 804 2676 mmungibilia
817 2619 853 2664 est

64 2691 201 2746 intellectui.
215 2689 278 2740 llnde
290 2700 335 2738 non
350 2683 478 2738 immediate
492 2683 618 2744 rideretur,
633 2681 677 2732 nisi
696 2681 796 2732 essentia
811 2696 851 2736 sua

51 2802 53 2806 -
66 2764 242 2827 coniungeretur
252 2757 383 2808 intellectui.
399 2757 427 2805 itt
440 2757 488 2806 dare
497 2753 554 2806 nisio
563 2767 612 2818 quaa
623 2755 648 2802 tit
660 2751 801 2815 immediate,
816 2754 851 2804 dit

67 2835 126 2886 citur
138 2834 202 2882 vicio
215 2830 300 2893 [aciei.
315 2829 343 2880 Et
354 2831 462 2896 preterea
470 2861 479 2890 ,
493 2825 614 2882 similitudo
627 2823 659 2881 rei
676 2821 800 2889 corporalis
816 2836 852 2882 ree
