1958 3314
286 159 317 196 nn
330 155 493 196 nunnamunnn
506 155 614 196 onounn.
803 145 850 200 2⁴9

56 233 109 298 Eupo
119 233 165 286 ille
178 236 303 286 nouerant
316 247 412 298 uxores3
423 233 488 286 etsie
503 230 623 297 aliquando
636 231 700 287 licuit
713 232 850 287 concubinos

56 305 140 356 tabere.

11 403 13 420 r
83 381 104 426 3.
117 378 246 440 Praeterea,
260 375 300 428 illa
315 391 364 441 qum
378 375 403 427 in
417 375 586 429 matrimonium
599 375 697 438 ducitur,
712 369 762 428 nou'
776 379 852 442 potest

54 447 109 512 ejici,
123 452 147 500 et
158 449 220 500 tilius
233 451 284 514 ejus
293 449 359 500 debet
371 461 424 500 esse
438 447 577 502 hereditatis
589 447 767 513 particepssed
776 448 851 500 Abra-

54 520 100 572 bam
114 517 186 586 ejecit
203 524 276 590 Ager,
296 522 321 572 et
332 519 392 574 libus
402 520 454 587 ejus
466 532 512 572 non
529 519 574 571 luit
586 520 667 572 baeres.
679 521 796 585 muneror
808 520 852 572 brit

54 605 105 642 uxor
114 593 222 644 lbrahae.

82 663 125 714 Sed
140 668 233 727 contra,
247 676 274 716 ea
292 675 342 727 que
358 668 413 714 sunt
427 667 506 716 contra
523 668 636 730 precepta
654 662 774 729 Decalopi,
788 677 852 718 nun-

55 750 114 800 quam
127 736 253 788 licuerunt.
265 736 401 788 Sodbabere
414 731 566 786 concubinam
580 739 615 788 est
624 739 702 788 contra
710 741 852 802 pracceptum

55 808 168 873 bocalogi3
183 808 270 860 seilicet
287 823 319 858 :c
334 807 385 860 Non
398 807 557 860 moechaberis.
572 823 587 858 o
601 809 659 872 Ergo
676 821 793 874 nunquam
809 807 853 860 luit

55 879 145 930 licitum.

81 954 209 1016 Praeterea,
219 949 351 1004 Ambrosius
362 949 417 1002 dicit
430 951 455 1002 in
468 951 509 1003 lib.
524 953 560 1002 Dc
576 946 739 1004 Patrtar'rtts
752 967 761 1003 :
775 952 852 1004 «Viro

54 1037 94 1076 non
108 1025 162 1077 licet
176 1025 237 1090 quod
251 1023 343 1076 mulieri
353 1038 398 1076 non
414 1022 476 1078 licet.
491 1041 505 1072 »
520 1023 564 1076 Sed
582 1036 704 1088 nunquam·
717 1023 783 1076 licuit
797 1039 851 1074 mu·

53 1096 98 1146 lieri
114 1099 142 1148 ad
158 1097 229 1148 alium
245 1095 320 1148 cirum
340 1093 465 1157 accedere,
483 1095 577 1148 dimisso
598 1095 649 1148 uiro
667 1094 769 1163 proprio.
791 1097 852 1162 Ergo

54 1181 91 1218 nee
100 1169 150 1221 viro
162 1181 263 1233 unquam
273 1167 338 1218 licuit
350 1167 500 1219 concubinam
518 1168 610 1220 habere.
687 1201 690 1204 -

80 1241 234 1304 (Coresusro.
248 1267 279 1276 -
291 1239 348 1290 Cim
366 1239 499 1290 concubitus
511 1253 563 1292 cnm
577 1239 652 1304 aliqua
667 1252 713 1294 uon
735 1239 852 1300 matrimn

54 1311 87 1364 nio
97 1313 195 1380 juncta,
205 1324 252 1365 non
267 1312 297 1363 sit
311 1311 451 1363 conveniens
463 1308 521 1363 aetio
531 1313 560 1367 ad
572 1313 658 1364 honum
667 1311 739 1378 prolis
746 1349 755 1376 ‚
767 1317 791 1364 et
800 1313 852 1364 idco

54 1389 124 1436 contra
137 1385 214 1450 legem
225 1387 310 1436 nature
323 1383 368 1446 sit,
380 1387 469 1436 constat
485 1397 603 1449 uunquam
615 1383 723 1446 licuisse,
739 1384 808 1437 etiam
821 1397 851 1436 ex

54 1453 231 1520 dispensatione,
245 1454 394 1508 concubinam
406 1457 499 1508 habero.
515 1455 525 1520 l
838 1524 839 1528 Ἰ

81 1527 217 1592 Respondeo
234 1525 442 1592 &contumelio
458 1527 531 1579 Rabbi
544 1528 635 1592 Moyses
647 1527 702 1580 dicit
722 1527 783 1592 quod
798 1532 852 1580 aute

56 1603 139 1664 tempus
156 1598 217 1664 legis
234 1596 354 1650 fornicatio
373 1612 420 1650 nou
436 1603 485 1651 erat
498 1603 634 1664 peccatum3
651 1599 711 1664 quod
722 1601 804 1664 probat
824 1614 854 1652 on

55 1670 93 1720 troc
108 1669 169 1736 qubd
188 1671 258 1722 ludas
277 1683 331 1721 cum
350 1671 449 1720 Thamar
462 1671 602 1734 concubuit;
619 1672 659 1723 sed
678 1671 722 1725 isto
733 1671 791 1722 cabo
807 1685 853 1723 non

56 1742 126 1808 cogit3
141 1756 191 1794 uon
209 1743 271 1794 cuim
289 1753 385 1812 ,necesse
405 1746 441 1796 est
458 1741 518 1794 filios
536 1741 606 1794 lrcob
620 1742 634 1796 b
650 1746 744 1808 peceato
765 1743 854 1796 mortali

56 1815 168 1876 excusari,
183 1812 350 1874 cimacousati
362 1813 448 1866 tuerint
462 1813 522 1880 apud
535 1817 623 1880 patrem
636 1813 732 1866 crimine
743 1815 853 1880 pessimo,

56 1889 76 1935 ot
90 1885 113 1936 in
123 1885 210 1952 loseph
224 1899 305 1936 necem
319 1890 343 1938 et
360 1885 515 1938 venditionem
526 1888 694 1940 consenseriut.
709 1888 738 1939 ut
752 1888 804 1938 idco
819 1888 855 1939 di-

57 1958 146 2010 cendum
161 1961 215 2020 est,
229 1957 305 2024 quod,
319 1958 372 2010 cim
385 1959 470 2014 babere
484 1959 635 2014 concubinam
648 1973 695 2011 nou
707 1959 852 2012 matrimonio

55 2027 168 2094 junctam,
184 2029 216 2080 sit
228 2034 306 2081 contra
318 2031 393 2095 legem
405 2035 510 2094 natmae,
523 2035 550 2082 ut
563 2029 648 2082 dictum
661 2035 697 2084 ost
713 2032 776 2097 (art.
801 2030 834 2095 3)
847 2069 854 2094 ,

57 2101 112 2153 nullo
127 2106 234 2168 tempore
248 2102 375 2154 secundbm
390 2117 415 2156 sc
432 2102 520 2154 licitum
534 2103 594 2168 luit3
608 2117 652 2156 uec
675 2105 743 2156 etiam
762 2117 792 2156 ex
807 2103 864 2154 dis-⁷

57 2173 195 2235 pensatione.
208 2174 273 2226 Siout
281 2176 344 2228 enim
357 2189 385 2228 eu
395 2175 461 2228 dietis
474 2178 537 2241 patet
549 2173 645 2241 (ibim),
655 2175 787 2228 concubitus
800 2189 852 2226 cum

59 2258 82 2295 ea
94 2260 144 2310 quc
158 2260 208 2299 non
222 2251 258 2300 est
271 2246 414 2302 matrimonio
427 2250 521 2313 juncta,
534 2261 580 2300 nou
594 2251 628 2305 est
640 2247 781 2300 couveniens
793 2247 855 2300 actio

59 2319 83 2368 ad
92 2320 176 2372 bonnm
187 2320 273 2385 prolis,
286 2321 347 2386 quod
356 2324 392 2372 est
401 2321 532 2388 principalis
541 2321 594 2372 linis
607 2318 753 2372 matrimonii.
764 2321 795 2370 nt
803 2319 855 2373 idco

60 2395 91 2440 cst
107 2394 188 2444 eontra
203 2391 276 2457 prima
287 2397 400 2458 precepta
417 2391 475 2456 legis
491 2396 585 2456 naturae,
596 2405 647 2458 que
662 2389 855 2456 dispensationem

61 2475 101 2513 nou
113 2463 236 2528 recipiunt.
246 2465 324 2527 Unde,
339 2465 477 2529 ubicumque
490 2465 573 2529 legitur
586 2463 693 2514 inceleri
706 2464 854 2516 Testamento

61 2534 142 2599 aliquos
152 2537 259 2588 habuisse
272 2537 411 2588 concubinas
417 2549 492 2602 ,quos
505 2548 600 2588 necesse
613 2535 643 2586 sit
657 2535 670 2586 b
683 2538 778 2599 peccato
793 2548 855 2586 mor-

61 2607 96 2656 tali
108 2608 227 2674 excusari,
240 2612 329 2674 oportet
347 2621 449 2662 obsesso
465 2609 608 2661 matrimonio
620 2609 726 2673 junctas3
740 2610 764 2659 ct
779 2612 857 2660 tamen

61 2681 201 2732 concubinos
218 2681 290 2746 dicit,
306 2682 360 2746 quia
380 2681 466 2745 aliquid
479 2680 595 2731 habebant
614 2681 642 2732 de
661 2679 750 2730 ratione
766 2680 856 2740 uxoris,

61 2754 82 2798 et
94 2749 176 2816 aliquid
187 2754 216 2804 de
230 2753 317 2805 ratione
331 2753 471 2805 concubium.
486 2751 615 2804 Seeuudbm
626 2752 687 2805 enim
703 2751 763 2818 qubd
776 2750 856 2802 matri-

64 2825 157 2875 monium
170 2825 288 2878 ordinatur
298 2828 326 2878 ad
340 2841 408 2878 ,sunm
421 2826 571 2892 principalem
583 2827 660 2888 finem,
672 2825 711 2890 qui
724 2828 761 2876 est
770 2826 857 2877 bonnm

65 2895 141 2962 prolis,
155 2911 214 2951 uxor
226 2898 276 2951 uiro
295 2899 441 2966 conjungitur
460 2897 613 2952 indissolubili
625 2895 801 2965 conjunctioni,
816 2896 855 2950 vel
