1936 3306
123 157 169 206 itt
259 161 461 211 eurrccusurnu,
477 159 572 207 onssr.
584 160 665 208 uxxrr,
680 159 737 200 sus.
755 159 789 200 ru.
959 125 960 186 t

121 241 235 296 idieioio
246 240 360 301 indictas,
374 238 433 288 sicut
451 239 515 300 petet
527 236 556 287 de
571 236 626 288 Job.
640 236 700 302 Ergo
718 236 789 288 etiem
801 241 854 304 post
866 242 923 292 herc

120 315 192 366 uitem
210 313 336 379 punientur
348 310 362 361 i
376 309 517 361 demonibus
529 309 649 374 pungendi.

150 387 195 438 Sed
206 388 300 446 contre,
315 382 427 446 injustum
440 384 477 432 est
494 384 519 431 ut
531 381 571 444 qui
588 382 616 432 de
629 379 707 446 atiquo
722 381 888 448 triumphavit,
902 388 923 438 ei

119 457 250 522 subjiciatur
263 457 315 519 post
324 452 474 517 triumphum.
488 451 532 502 Sed
545 451 578 502 iiii
591 452 631 517 qui
642 455 695 504 sunt
706 452 731 503 in
749 455 885 519 purgatorio
897 459 923 510 de

118 529 261 582 demeums
274 525 472 590 triumpharemut
479 560 488 588 ,
500 523 550 575 siue
564 527 659 586 peccato
669 525 761 576 mortali
775 526 921 582 decedentes.

118 601 178 664 Ergo
194 613 240 650 non
256 597 407 662 subjicientur
424 594 459 646 eis
469 594 580 660 puniendi
592 608 634 658 per
649 608 698 647 eos.

152 672 311 734 (concussio.
325 695 356 708 -
368 667 454 720 imme
474 667 499 718 iu
517 667 647 732 purgatorio
665 680 712 719 uon
736 669 869 734 puniuntur
885 686 924 739 per

119 743 261 806 demones.)

151 816 287 880 Respondes
298 813 433 873 dicendum,
448 810 508 875 quid
524 811 583 862 sicot
599 814 652 876 post
666 811 726 864 diem
740 813 823 877 judicii
846 817 923 868 divim

119 887 208 953 justitio
222 886 338 938 succendit
352 885 428 947 iguem
442 896 488 948 quo
501 882 602 934 damnati
621 883 646 933 in
665 889 802 949 perpetuum
822 889 922 952 punien-

119 965 172 1022 tur;
189 959 221 1010 itc
235 958 303 1009 etism
317 971 378 1008 onoc
391 955 440 1008 soli
449 955 541 1019 justitit
551 954 628 1007 dirint
639 955 705 1008 electi
713 960 766 1021 post
774 958 835 1008 henc
848 961 919 1011 rite·
954 977 958 1017 ;

119 1035 258 1096 purgantur,
274 1043 320 1082 non
339 1025 463 1078 ministerio
477 1027 617 1089 mosenum,
629 1041 725 1090 quemn
744 1027 845 1081 uictores
859 1033 933 1082 ertio
953 1029 957 1113 i

121 1106 212 1167 terunt,
230 1117 274 1154 nec
291 1100 418 1152 ministerio
438 1099 586 1162 angelorum,
603 1099 642 1162 qui
663 1098 726 1150 ciues
741 1113 796 1151 suos
816 1114 864 1152 non
879 1108 923 1154 tom
956 1117 957 1131 .

120 1175 267 1226 venementer
281 1172 428 1236 affligerent3
445 1173 484 1222 sed
497 1175 575 1220 temen
591 1169 699 1233 possibile
716 1175 750 1222 est
765 1171 827 1236 qudd
840 1187 883 1227 eos
897 1178 923 1228 ed
956 1226 958 1228 .

119 1246 169 1298 locu
181 1257 298 1309 poenorum
312 1244 440 1305 deducunt,
452 1245 475 1294 et
491 1241 560 1292 ctiam
576 1241 622 1306 ipsi
637 1243 762 1304 demones,
777 1243 818 1307 qui
830 1245 861 1296 de
875 1262 922 1312 pm
956 1243 957 1269 ¹

121 1317 156 1368 nis
167 1317 284 1368 hommum
296 1315 414 1376 deterior,
424 1325 464 1366 eos
476 1313 613 1364 ‹nmimntur
626 1317 650 1363 et
658 1315 773 1364 vussistnut
785 1320 921 1380 purgandis,

119 1393 168 1439 tuor
187 1393 212 1440 ut
229 1388 254 1438 in
268 1399 346 1439 eorum
361 1386 436 1451 poenis
450 1387 576 1444 satientor.
589 1390 638 1436 tum
653 1390 680 1436 ut
692 1386 717 1436 in
730 1399 808 1437 eorum
827 1391 892 1440 exitu
910 1391 923 1441 i

119 1473 214 1524 corpore
236 1459 322 1522 aliquid
339 1471 406 1510 suum
424 1457 457 1507 iii
479 1457 603 1518 reperient.
620 1459 644 1508 iu
666 1459 710 1508 troc
727 1461 804 1508 autern
824 1462 921 1526 seculo,
959 1493 960 1504 .

118 1533 208 1596 quando
222 1532 295 1582 adhuc
306 1532 369 1582 iocus
378 1543 460 1596 pugne
470 1533 517 1590 est,
528 1531 656 1595 puniuntur
665 1530 786 1594 homines,
797 1535 822 1581 et
832 1533 846 1584 i
855 1535 920 1586 melis

119 1604 204 1667 angelis
211 1602 269 1654 sicut
283 1602 434 1664 adhesimus,
445 1605 541 1667 utputet
550 1603 578 1654 ds
585 1603 627 1654 iob
635 1618 642 1665 ;
650 1605 673 1653 et
684 1601 697 1652 d
707 1601 781 1664 bonu,
790 1601 921 1670 sicutpetet

119 1675 147 1726 de
169 1675 254 1738 Jacob,
275 1675 341 1738 cujrrs
361 1687 445 1726 nervus
462 1674 556 1726 femoris
569 1675 649 1738 angelo
671 1673 818 1738 percutiente
834 1676 919 1740 (Gen,

119 1746 203 1796 Xiiiiii
212 1745 221 1809 )
231 1745 352 1808 emarcuit3
368 1750 391 1797 et
404 1748 449 1796 trec
465 1745 534 1796 etiem
548 1744 656 1809 expresse
668 1745 791 1810 itioupsius
805 1747 872 1809 dicit,
883 1750 919 1798 iv.

120 1829 173 1880 cap.
189 1819 225 1867 Dc
236 1819 321 1868 Dicin.
336 1819 451 1878 Nomio„
461 1817 522 1882 quod
536 1816 590 1868 troni
601 1817 676 1882 augeli
685 1817 800 1868 interdum
810 1818 917 1884 puniunt.

152 1888 182 1938 iit
198 1901 240 1953 per
252 1890 296 1941 hoc
313 1893 375 1953 petet
389 1889 471 1941 solutio
488 1890 516 1940 ed
528 1888 626 1953 obiecto.

372 2049 375 2056 ’
417 2058 577 2121 rnrrcuuus
592 2071 630 2122 rv.

128 2200 273 2258 dirumpet·
288 2211 380 2257 penem
394 2199 533 2256 perpatuerit
551 2200 660 2255 ceptrum
680 2201 802 2257 peccatum
829 2201 919 2247 ventrio
956 2213 957 2256 j

420 2263 499 2320 quoad
515 2262 618 2318 culpam.
956 2263 957 2290 r

160 2397 192 2446 id
204 2396 308 2460 quodum
321 2395 356 2446 sic
371 2393 508 2459 proceditur.
522 2393 616 2444 Videtur
628 2391 690 2457 qudd
707 2406 747 2458 per
759 2405 852 2457 penem
868 2411 918 2462 pur·

122 2467 203 2531 gotorii
215 2479 261 2518 nou
273 2467 377 2531 expietur
386 2468 506 2531 peccatum
518 2464 606 2516 renide
618 2466 693 2530 quoad
706 2466 871 2530 cuipamouio
883 2483 919 2520 su·
955 2489 956 2530 3

123 2551 164 2603 per
179 2539 234 2589 iilud
251 2539 270 2587 i.
287 2541 371 2598 doun„
384 2539 407 2586 V
419 2554 425 2588 :
442 2539 509 2588 citet
524 2540 642 2602 peccatum
663 2538 693 2587 ud
705 2541 801 2588 mortem
813 2577 820 2603 ,
833 2543 890 2601 ete,
903 2557 916 2588 r

121 2608 174 2658 dicit
186 2609 265 2658 Glosse
275 2609 313 2672 tex
321 2609 428 2673 Gregorio
435 2612 525 2672 sumpto
535 2608 574 2659 tib.
584 2609 648 2659 xvi.
658 2609 807 2667 Moralium,
817 2623 868 2676 cup.
878 2617 915 2673 28,

121 2678 170 2730 siue
190 2681 218 2728 tt
231 2679 240 2742 )
255 2694 260 2727 :
274 2681 362 2739 «Quod
380 2680 404 2730 in
422 2681 466 2729 hec
482 2679 529 2730 uite
550 2692 597 2730 non
615 2679 747 2743 corrigitur,
764 2679 848 2732 trusum
867 2686 916 2748 post

122 2752 217 2800 mortem
233 2751 283 2812 eius
296 2752 363 2802 venia
379 2751 540 2816 postulatur.»
557 2751 615 2815 Ergo
631 2751 718 2802 nulium
734 2757 854 2816 peecatum
867 2759 916 2820 post

122 2821 182 2870 hone
194 2820 264 2870 ritem
272 2821 347 2884 quood
357 2824 445 2886 culpem
456 2821 583 2874 dimittitur.

153 2895 177 2942 t.
192 2892 317 2955 moereo,
330 2893 432 2958 ejusdcm
450 2897 486 2947 est
500 2895 547 2946 irbi
564 2894 589 2946 in
610 2899 742 2964 mustum,
754 2899 778 2947 et
795 2897 809 2952 d
825 2901 915 2964 pecco
954 2923 955 2934 .
