2026 3304
142 180 175 218 nn
186 170 341 220 nmrtmntru
349 177 438 220 111111
446 179 503 226 eum
512 179 683 233 unumunurn!
694 183 815 224 1111111111.
834 175 880 226 lte

83 258 111 310 ad
128 257 249 308 uinculum
267 260 372 322 spectat,
388 257 450 309 nola
470 271 499 310 ex
518 271 584 310 causa
602 260 663 314 solvi
677 265 765 327 potest3
781 262 882 328 alioquin

79 332 160 396 potest
173 328 249 381 dirimi
268 328 417 392 infidelitate,
432 343 478 382 nou
499 330 618 384 adulterio.
635 332 720 384 veron
733 334 842 400 qmntim
854 335 882 386 ad

13 387 19 466 f
81 407 159 456 actum
180 401 275 454 dissolri
287 405 364 466 potest
379 401 526 456 fornicatione
546 406 594 454 tum
606 405 730 470 corporali,
749 409 798 457 tum
816 407 883 471 spiri-

81 474 153 538 tuali3
165 476 259 538 propter
267 475 349 526 cetera
362 473 417 526 uerd
428 473 499 539 ntia,
510 487 670 543 nequaquam,
683 479 729 530 nisi
741 480 769 532 ad
781 482 880 546 tompus,

81 545 214 610 castigandi
226 544 263 598 sui
277 545 355 598 rausa.
370 549 377 608 l

111 618 250 682 Respondeo
264 618 401 683 dicendum,
413 620 474 685 quod
490 621 611 675 fornicatio
623 625 747 689 corporalis
760 627 783 677 et
795 622 880 676 tadde-

77 689 131 741 litas
145 687 270 754 specialem
283 690 368 742 habent
383 691 564 744 contrarietatem
575 694 603 745 ad
616 695 676 746 bona
691 695 843 760 matrimonii,
857 701 882 748 nt

74 775 105 814 ex
117 759 188 812 dictis
204 761 262 826 (art.
282 761 313 826 e)
327 765 402 826 patere
413 766 507 828 potest,
523 766 584 816 uude
598 765 720 830 specialem
734 767 819 818 labem
834 767 881 818 vim

76 832 205 897 separandi
228 832 380 886 matrimonia.
400 833 542 888 sedeamus
558 836 729 902 intelligendum
749 842 801 902 est,
820 839 881 904 qudd

76 903 251 956 matrimonium
271 903 389 969 dupliciter
411 906 509 957 soluitur
525 911 827 976 :monumemtum
843 912 881 962 od

76 975 223 1028 vineolam.
242 977 272 1026 Et
289 976 323 1028 sie
339 989 386 1028 nou
403 981 479 1043 potest
495 979 553 1031 solui
570 985 690 1048 postquam
712 982 879 1034 matrimonium

13 1059 14 1132 1
77 1051 115 1100 est
128 1046 286 1110 mtidcatnm,
305 1061 379 1112 neque
392 1061 433 1113 per
449 1049 622 1116 infidelitatem,
641 1066 716 1118 neque
736 1067 776 1118 per
790 1054 879 1106 adulte«

13 1157 18 1204 ,
76 1118 149 1172 rium
165 1118 211 1170 Sed
225 1119 302 1171 sinen
319 1122 353 1170 eat
365 1119 518 1180 11ιί1111111,
529 1122 624 1176 soluitur
638 1124 771 1186 uinculum,
787 1137 881 1189 perma-

13 1213 14 1260 ]
78 1195 153 1242 mente
167 1189 301 1241 infidelitate
314 1189 339 1240 in
354 1191 425 1242 altero
439 1192 581 1257 conjugum,
601 1195 622 1245 si
640 1196 698 1247 alter
710 1208 833 1247 conuersus
851 1195 881 1246 ad

13 1271 14 1310 l
77 1263 164 1324 tidem,
180 1260 283 1312 adalind
299 1262 430 1326 conjugium
439 1265 547 1316 transeat.
562 1267 612 1317 Non
624 1271 701 1319 autem
720 1267 817 1318 soluitur
831 1266 882 1318 virr-

13 1339 14 1402 l
77 1334 156 1385 culum
170 1331 302 1398 pradictum
316 1347 356 1398 per
370 1335 521 1400 adulterium,
535 1337 591 1389 alias
603 1338 703 1390 intidclis
715 1338 786 1390 libere
799 1343 878 1402 posset

13 1403 14 1408 ’
77 1407 134 1456 dare
154 1403 258 1455 libellum
275 1404 363 1468 repudii
381 1406 446 1456 umori
459 1406 584 1474 adultera,
600 1414 640 1472 et,
654 1409 682 1461 et
695 1410 801 1473 diruisset,
816 1410 882 1460 aliam

13 1505 14 1508 =
76 1477 176 1536 ducere3
190 1476 251 1540 qood
267 1475 349 1528 falsum
367 1482 411 1529 est.
432 1477 482 1530 tilio
504 1481 572 1531 modo
594 1481 690 1532 soluitur
714 1481 884 1532 matrimonium

75 1548 206 1615 quantum
225 1548 260 1598 od
274 1555 378 1606 ocium,
397 1554 421 1601 et
434 1551 468 1601 sic
480 1551 536 1602 solui
552 1556 628 1616 petest
640 1557 687 1604 11111
702 1567 748 1618 per
761 1553 882 1605 inlidelila-
955 1597 959 1608 ,

76 1628 140 1685 tem,
163 1619 232 1684 quarn
244 1633 285 1686 per
299 1616 481 1674 fornicationem.
498 1623 544 1674 Sed
562 1628 655 1689 propter
672 1625 717 1676 alia
731 1629 823 1691 peccata
837 1639 883 1676 non

76 1695 157 1758 potest
171 1689 229 1742 solui
243 1691 428 1756 matrimonium,
443 1694 648 1760 etiamquoatclm
666 1696 702 1746 od
720 1699 822 1759 aetum;
837 1696 883 1748 nisi

75 1763 138 1818 torte
154 1763 183 1813 ad
194 1766 286 1828 tempus
304 1777 329 1814 se
339 1763 393 1815 velit
404 1764 440 1816 uir
450 1767 583 1818 subtrahere
594 1766 608 1817 d
621 1767 733 1821 consortio
748 1769 836 1834 erroris,
850 1771 880 1821 ad

75 1833 254 1900 castigationem
267 1833 333 1899 ejus,
344 1835 498 1888 subtrahendo
512 1837 534 1888 ei
548 1839 675 1902 prasentia
698 1853 746 1892 11111
762 1838 881 1891 1111111111,

14 1903 16 1932 ¹
110 1908 146 1958 ld
166 1905 264 1971 primum
289 1919 342 1970 ergo
366 1907 504 1973 dicendum,
518 1910 595 1975 qudd,
620 1911 724 1976 quamuis
744 1913 881 1964 adulterium

77 1979 154 2044 magis
173 1977 258 2030 directo
274 1983 400 2044 opponatur
411 1983 572 2047 matrimonio,
586 1983 732 2048 inquantum
744 1989 779 2036 est
790 1985 815 2034 iu
828 1984 884 2034 olfi-

79 2053 144 2104 cium
166 2054 268 2114 natura,
289 2050 357 2116 quem
370 2052 511 2116 infidelitas,
525 2058 602 2106 tamen
624 2055 638 2108 e
657 2057 770 2107 contrario
789 2059 841 2118 est,
858 2055 883 2104 in

76 2125 191 2190 quantum
214 2121 383 2175 matrimonium
405 2128 448 2178 est.
462 2130 627 2178 sacramentum
649 2127 771 2191 Ecclesia,
787 2140 816 2176 ex
832 2139 882 2190 quo

76 2197 149 2248 habet
169 2194 295 2261 perlectam
314 2194 458 2259 tirmitatem,
473 2197 620 2262 inquantum
638 2197 753 2262 significat
771 2196 883 2248 indivisi·
961 2201 965 2209 “

14 2293 26 2303 r
77 2269 151 2320 bilem
159 2266 343 2337 conjunctionem
351 2266 437 2318 Christi
448 2271 472 2318 ot
483 2267 601 2321 Ecclesia.
613 2271 643 2321 Et
652 2270 703 2321 ideo
713 2267 884 2319 matrimonium

77 2341 141 2406 quod
152 2351 200 2391 lton
209 2341 245 2390 est
257 2341 348 2401 ratum,
357 2338 429 2403 magis
438 2343 517 2403 potest
528 2341 586 2392 solvi
592 2378 602 2406 ,
612 2341 738 2406 quantiam
753 2339 789 2390 od
798 2341 885 2392 vinou-

14 2432 15 2511 p
80 2413 154 2468 lom,
166 2423 206 2475 per
217 2409 389 2474 infidelitatem,
399 2410 468 2475 quam
479 2425 520 2477 per
534 2412 679 2464 adulterium.

14 2521 15 2530 ,
111 2485 147 2536 lld
160 2483 283 2534 secuudum
301 2479 437 2547 dicendum,
448 2483 511 2547 qudd
521 2484 596 2548 prima
609 2482 744 2548 conjunctio
757 2481 840 2534 animae
854 2486 882 2534 ad

14 2581 15 2586 1
78 2558 154 2608 iteum
164 2558 200 2606 est
212 2567 252 2619 per
265 2553 342 2605 tidem.
353 2554 382 2604 lit
394 2554 446 2606 ideo
457 2569 498 2619 per
509 2567 560 2606 eam
572 2553 647 2605 anima
658 2553 723 2617 qumi
734 2553 884 2618 desponsatur
959 2615 962 2626 ¹

14 2595 15 2688 l
82 2629 249 2692 ueuupauu
262 2627 339 2686 osea,
352 2627 541 2691 11:«Sponsalo
554 2625 681 2677 11111111
695 2625 773 2676 ure.»
788 2627 886 2694 unoeu

14 2751 17 2768 ‚
83 2711 150 2752 saera
159 2698 274 2764 Scriptura
283 2697 413 2764 specialiter
420 2711 463 2762 per
472 2697 646 2750 lomicationem
654 2697 782 2749 idololatria
798 2697 885 2748 elind-

82 2770 168 2823 delitas
187 2770 341 2836 designantur.
358 2769 404 2822 Sed
420 2769 465 2822 alia
484 2773 580 2835 peccate
598 2768 671 2831 rnagia
688 2771 776 2820 remeia
796 2767 887 2832 signill-

88 2841 177 2895 calione
198 2842 303 2894 dieantur
320 2840 450 2907 spirituales
467 2839 636 2894 fornicationes.

124 2913 158 2966 lid
169 2916 258 2970 tortium
274 2913 413 2980 dcundum,
427 2913 489 2980 qudd
502 2914 547 2964 lroc
563 2911 735 2978 intelligendum
748 2913 784 2964 est
796 2908 886 2974 quaudo
909 2985 914 2996 „
