1998 3326
173 205 219 256 iis
331 215 533 266 surrentinorum,
550 215 644 262 onnsr.
659 215 699 265 cv,
716 218 770 257 rna.
788 217 815 255 ιι.

173 293 313 358 sanguinitas
321 296 397 344 cessat
404 306 445 356 per
453 294 549 343 mortem
558 289 602 342 viri
610 293 638 342 ad
650 293 832 358 consanguineos
840 305 910 346 suos.
921 295 980 362 targa

174 368 198 416 at
216 363 314 414 affinitas
331 364 408 414 uxoris
421 364 449 414 ad
463 376 510 414 eos.

204 436 248 486 Sed
261 439 353 497 eontra,
368 434 466 484 affinitas
480 447 508 483 ex
524 432 718 498 consanguinitate
733 438 847 486 causatur.
863 435 913 487 Sed
925 449 980 488 cou⁴

172 505 314 569 sanguinitas
325 508 360 555 est
369 506 502 569 perpetuum
513 502 629 554 vinculum
634 541 643 567 ,
653 506 761 568 quamdiu
770 519 875 570 personae
887 507 980 557 vivunt

172 576 232 639 Ergo
244 579 267 626 et
282 575 394 638 siduitas3
409 577 432 625 at
445 575 478 622 ita
496 586 542 623 non
559 571 654 623 solvitur
667 575 781 640 affinitas,
799 578 876 629 solratd
901 577 980 628 matri·

173 645 251 698 monio
264 659 305 710 par
314 651 409 696 mortem
422 644 495 696 tertia
508 656 621 707 persona.

207 715 603 780 (Concunsro.-lilinitas,ci1m
621 715 707 766 oriatur
717 729 762 768 non
778 731 808 769 cn
818 731 846 770 co
858 719 924 783 quod
942 721 980 771 ali

172 789 212 855 qui
229 788 406 853 conjungantur,
422 789 462 838 sed
479 799 508 836 er
525 799 553 836 eo
572 785 632 849 quod
650 787 768 852 conjuncti
781 788 845 853 sint,
861 803 892 841 ex
909 794 980 843 morta

171 861 215 914 ciri
232 863 269 913 vol
287 861 365 912 uxoris
383 859 533 911 non‘tollitnr
545 858 664 923 affinitas.)

203 933 339 998 ltaspondeo
353 931 489 991 dicendum,
505 929 565 993 prod
579 929 659 980 relatio
679 931 754 995 aliqua
768 931 853 982 desinit
875 945 930 983 esse
944 933 980 983 du

171 1003 278 1070 pliciter:
295 1017 342 1054 uno
356 1003 432 1065 modo,
442 1015 470 1053 ex
481 1001 626 1065 corruptione
636 1003 919 1068 subjeeti;aliomod0‚ex
929 1006 980 1056 sub·

172 1076 283 1127 unedone
296 1089 386 1140 eausm3
402 1075 462 1125 slent
474 1072 596 1124 similitudo
610 1084 660 1124 esse
674 1075 760 1125 desinit
772 1075 864 1139 quando
877 1075 938 1126 aiter
949 1075 980 1126 si-

172 1146 261 1196 milium
272 1146 380 1208 morum,
395 1147 432 1196 val
444 1144 534 1208 quaudo
547 1145 702 1209 qualitasque
719 1149 767 1196 erat
784 1157 852 1196 eausa
866 1145 980 1196 similitu·

173 1216 233 1268 dinis
249 1216 398 1268 subtrahitur.
413 1217 474 1265 Sunt
483 1217 559 1265 autem
574 1216 675 1278 quedam
690 1215 814 1266 relationes
826 1229 879 1280 qnae
892 1217 980 1267 habent

171 1300 213 1352 pro
233 1301 302 1339 causa
326 1287 453 1347 actionem,
467 1286 506 1336 rel
524 1286 668 1350 passionem,
686 1289 725 1336 aot
745 1289 848 1351 motum,
867 1290 896 1337 ut
910 1287 937 1336 in
951 1287 980 1338 V.

171 1358 312 1423 Metaptpa.
324 1359 400 1422 (tant.
410 1358 456 1419 ιι)
470 1355 559 1405 dicitur.
573 1357 672 1414 Quarum
691 1358 793 1421 quadam
808 1362 937 1408 causantur
952 1371 980 1408 ex

171 1433 253 1492 motu,
271 1431 295 1479 in
315 1432 424 1493 quantam
441 1426 526 1489 aliquid
544 1431 648 1477 movetur
661 1431 729 1492 actu,
750 1429 808 1480 sicut
826 1430 878 1494 ipsa
898 1429 980 1480 relatio

172 1504 271 1563 quaest
290 1499 414 1548 mocenta'e
428 1501 451 1548 ει
466 1498 532 1546 moti
538 1513 547 1560 ;
558 1498 664 1560 quadam
678 1502 754 1549 autem
770 1499 793 1549 iu
807 1504 922 1564 quantum
939 1501 980 1550 ha·

171 1568 227 1619 haut
241 1569 392 1634 aptitudinem
406 1569 434 1619 ad
449 1571 553 1629 motum,
568 1569 627 1620 sieut
641 1571 764 1619 motivam
782 1575 804 1621 ει
816 1571 929 1632 monile,
944 1571 980 1623 vel

172 1639 287 1692 ἀιηιιηιιε
298 1646 322 1692 ει
334 1655 437 1705 εενυιιε,
453 1641 556 1704 quaedam
567 1644 643 1691 autem
655 1653 683 1691 er
691 1643 735 1693 troc
743 1641 803 1706 qaod
815 1643 903 1705 aliquid
915 1642 980 1708 prids

170 1715 257 1763 motum
267 1716 312 1774 ast,
324 1714 382 1764 sicut
392 1715 470 1777 poter
482 1715 504 1762 ει
518 1711 605 1776 filios‚·
620 1725 665 1762 non
681 1712 742 1762 anim
756 1726 785 1762 ex
797 1714 841 1764 hoc
859 1714 925 1777 qudd
946 1716 981 1764 est

170 1787 288 1847 peccarant
309 1785 426 1845 nunopad
446 1784 545 1834 inuicem
562 1783 678 1843 dicuntur,
693 1785 734 1834 aad
753 1797 781 1834 ex
798 1786 843 1835 hoc
862 1786 927 1850 quod
941 1787 978 1836 est

170 1861 320 1919 penetratam
334 1869 393 1905 esse.
412 1855 521 1918 aptitudo
534 1858 609 1904 autem
623 1854 650 1903 ad
670 1858 771 1919 motum,
786 1861 810 1907 et
827 1856 905 1921 ipsum
921 1871 976 1906 mo·

171 1928 224 1977 ocri
238 1926 329 1990 transit,
344 1927 384 1977 sed
398 1929 496 1975 motam
507 1939 558 1974 ease
567 1929 702 1989 perpetuum
717 1929 765 1988 εει,
780 1927 833 1991 quia
851 1930 915 1991 quod
927 1929 975 1978 iac·

170 1999 219 2048 tum
235 2001 279 2060 εει,
298 2010 413 2061 nunquam
427 1995 512 2046 desinit
527 2008 578 2046 esse
595 1996 689 2046 iactum.
707 1997 736 2046 Et
747 1997 800 2048 ideo
812 2001 940 2062 paternitas
951 2000 976 2049 ot

169 2067 249 2120 liliatio
271 2081 386 2132 nunquam
408 2068 555 2117 destruantur
570 2079 611 2130 per
629 2067 806 2120 subtractionem
825 2081 914 2133 causa,
933 2070 974 2120 sed

170 2138 245 2191 solim
256 2155 297 2204 per
307 2138 476 2203 corruptionem
490 2137 600 2201 subiecti,
612 2138 702 2190 scilieet
712 2139 841 2191 alterutrius
856 2144 972 2191 extremo-

169 2224 229 2262 rum.
239 2213 267 2261 Et
279 2211 384 2266 similiter,
397 2210 516 2260 dicendum
532 2213 567 2260 est
576 2211 604 2261 ιε
618 2211 746 2273 afinitate,
759 2225 809 2275 qua
822 2215 931 2262 causatur
943 2224 973 2262 ex

169 2281 215 2332 hoc
228 2281 290 2345 qadd
304 2280 375 2345 aliqui
389 2279 508 2343 conjuncti
522 2285 585 2344 sunt,
600 2293 646 2331 non
657 2293 686 2332 ex
699 2284 741 2333 troc
754 2281 814 2344 quod
828 2281 971 2345 conjungan-

170 2353 215 2402 tur.
237 2354 301 2404 Unda
314 2366 360 2404 non
376 2352 490 2403 dirimitur
508 2353 650 2404 manantibus
662 2352 708 2402 illis
722 2352 825 2417 personis
839 2353 899 2404 iuter
913 2364 970 2416 quas

170 2422 270 2472 affinitas
293 2425 330 2472 est
350 2424 480 2486 contracta,
500 2423 604 2486 quamvis
630 2423 739 2474 moriatur
765 2435 862 2488 persona
882 2423 972 2474 rationo

170 2492 239 2557 cnjus
252 2497 368 2544 contracta
389 2493 441 2543 luit.

200 2565 234 2613 Αι
244 2565 341 2628 primum
350 2579 403 2629 argo
413 2565 532 2617 dicendum
541 2605 548 2629 ,
558 2565 617 2630 quod
627 2565 758 2630 conjunctio
768 2564 906 2616 matrimonii
913 2576 970 2615 cau·

170 2636 206 2684 sat
216 2633 364 2700 arduitatem,
379 2649 425 2688 uon
438 2637 510 2688 solum
526 2635 649 2687 secundum
667 2637 712 2688 lnoc
726 2637 832 2702 quidest
846 2639 904 2687 octa
918 2649 973 2685 con·

163 2703 260 2768 sanat,
276 2708 314 2757 sed
328 2706 452 2758 secuudum
465 2709 508 2759 troc
522 2708 581 2772 quod
596 2710 631 2758 est
643 2708 720 2771 prate
731 2709 893 2773 conjunctum
907 2719 966 2756 esse.

200 2777 234 2827 ιι
243 2781 366 2830 secundnm
375 2779 571 2844 dicandumquod
580 2780 764 2844 consanguinitas
771 2793 817 2831 non
827 2784 861 2830 est
869 2779 968 2829 maxima

169 2858 237 2898 causa
253 2849 371 2901 adflnitatis
378 2888 387 2914 ,
402 2853 442 2902 sed
455 2850 587 2916 conjunctio
602 2851 630 2900 ad
641 2852 853 2917 consanguineum,
867 2864 913 2903 non
930 2861 971 2900 so-

167 2915 216 2968 ldm
228 2933 279 2985 que
289 2926 334 2986 est,
348 2925 389 2974 scd
402 2935 453 2988 quo
463 2922 515 2972 luit.
530 2922 559 2972 Et
572 2923 665 2986 propter
675 2922 719 2974 lroc
732 2917 791 2976 ratio
802 2935 848 2975 non
858 2921 967 2987 sequitur.
