2026 3304
194 197 197 204 .
226 173 230 180 ·
266 167 296 204 ou
311 167 474 206 imminuto
490 167 652 210 commorata.
825 164 855 212 to

42 243 127 306 obligat
142 255 171 294 so
188 255 235 306 par
248 242 428 294 matrimonium,
438 243 502 296 tiude
511 257 558 296 nou
565 249 643 310 posset
654 248 685 310 (1)
693 245 856 299 ooutiueutiam
944 269 947 274 ·

41 327 123 366 rovere
143 314 204 365 siue
217 325 336 364 omnonsu
355 313 450 366 domiui.

350 491 507 546 ARTICULUS
521 495 560 548 111.

104 641 114 647 -
126 616 226 663 Uti-inm
238 616 342 660 serotina
358 617 514 663 matrimonio
526 619 602 676 poerit
612 623 773 678 supervenire.

70 743 104 794 Ad
114 742 223 793 tertium
233 740 268 790 aio
276 741 417 804 proceditur.
425 743 586 808 videturqudd
598 746 697 798 sarritur
709 747 853 800 matrimonio

38 828 84 866 nou
94 813 180 878 possit
191 811 351 876 superuenire,
361 816 387 862 ut
395 812 429 862 ria
443 827 467 864 se
482 815 546 866 alteri
557 815 582 866 in
592 829 681 866 servom
691 819 785 868 vendat.
795 819 854 876 Quia

39 887 101 948 quod
119 883 147 933 iu
168 883 277 932 fraudem
292 887 316 932 et
332 883 488 948 praejudicium
505 883 598 936 alteriue
616 887 702 938 antara
720 892 769 952 est,
780 893 855 940 ntum

39 969 92 1008 eune
114 963 169 1006 uon
189 954 268 1004 debet.
283 953 328 1004 Sed
344 953 378 1004 uir
391 955 430 1017 qui
443 968 468 1006 se
481 955 506 1005 iu
526 969 616 1007 servom
632 957 726 1019 rendit,
737 959 793 1009 iacit
811 959 854 1010 hoo

38 1027 188 1090 quandoque
207 1025 232 1075 in
247 1023 348 1074 fraudem
362 1025 511 1088 matrimonii,
526 1029 550 1076 et
563 1029 591 1078 ad
601 1028 677 1078 minus
693 1029 717 1077 in
731 1029 854 1080 detrimen-

39 1103 89 1149 tum
103 1097 205 1149 uxoris.
220 1097 279 1159 Ergo
292 1109 337 1146 nou
354 1096 421 1147 debet
437 1099 514 1149 ualere
529 1097 580 1148 talis
597 1099 699 1150 venditio
713 1101 742 1149 ad
756 1101 854 1151 sortito·

39 1179 88 1222 tom
102 1168 281 1220 inducendam.

70 1246 99 1292 2.
116 1241 250 1298 Praeteroa,
265 1239 310 1289 dno
318 1238 449 1289 favorabilia
458 1239 607 1305 praeiudicant
618 1239 658 1288 oni
672 1253 718 1290 non
726 1236 853 1292 tornatio.
927 1275 931 1282 ·

40 1312 85 1363 Sed
100 1309 325 1361 matrimoniumot
346 1309 437 1360 norun
451 1313 506 1360 aaut
525 1309 672 1372 favorabilia,
686 1315 711 1361 et
730 1317 857 1376 repugnant

41 1381 157 1434 seruituti
167 1417 175 1442 ‚
187 1393 240 1444 quae
254 1391 301 1430 nou
310 1382 346 1429 'eat
359 1379 527 1430 favorabiiiain
539 1382 601 1444 juro.
617 1381 676 1444 Ergo
695 1381 793 1431 aoroitus
806 1383 858 1432 tatis

6 1509 7 1516 ,
42 1453 67 1502 in
82 1449 244 1502 matrimonio
257 1449 325 1500 debet
336 1449 426 1513 penitus
445 1449 568 1500 annullari.

6 1519 7 1522 ’
71 1527 97 1572 3.
107 1523 240 1583 Praeterea,
250 1519 277 1570 in.
290 1519 435 1572 matrimonio
444 1520 479 1570 uir
491 1525 515 1572 et
527 1520 628 1572 nuorad
641 1521 704 1586 paria
715 1521 856 1586 judicantur.

42 1595 90 1646 Sed
104 1606 171 1644 uxor
182 1603 230 1641 non
241 1595 315 1654 potest
326 1604 351 1642 ee
366 1591 391 1641 in
404 1592 508 1643 auoiitam
519 1593 572 1644 dare
586 1593 677 1644 notente
691 1593 780 1645 morito.
797 1595 856 1658 drgo

44 1679 89 1716 aec
103 1665 147 1714 vir
167 1663 265 1714 nolente
283 1675 363 1714 auore.

6 1745 7 1798 t
79 1739 104 1784 t.
119 1736 253 1796 Praeterea,
268 1733 323 1783 iilud
337 1734 397 1797 quod
409 1733 505 1798 impedit
522 1732 739 1795 regenerationem
752 1733 856 1784 innata·

6 1799 7 1818 ³
42 1805 151 1867 mitons,
165 1803 266 1854 destruit
275 1804 345 1854 etinm
356 1813 403 1853 rem
410 1808 553 1868 generatam.
565 1803 610 1852 Sed
621 1803 717 1854 nemitos
729 1803 787 1868 riri,
801 1815 856 1855 nee·

44 1878 127 1928 mente
140 1887 234 1937 uxore,
248 1872 345 1938 impedit
360 1874 495 1928 matrimonii
505 1877 581 1924 aotam
592 1877 713 1938 antequam
726 1875 774 1925 fiat.
786 1877 855 1940 Ergo,

6 1965 7 1992 r
45 1949 66 2002 si
80 1950 167 2012 posset
188 1945 332 1997 matrimonio
347 1946 511 2010 superuenire,
526 1946 654 1997 destrueret
669 1946 853 2010 matrimonium

45 2019 113 2083 quod
124 2021 163 2068 est
177 2015 354 2068 innormeuieus.

79 2091 130 2140 Sed
140 2093 237 2151 eontra,
251 2089 348 2152 quidibet
360 2091 438 2152 potest
450 2087 504 2138 dare
517 2086 585 2138 alteri
599 2087 660 2151 quod
677 2101 743 2138 auum
753 2093 797 2139 est.
813 2089 858 2142 Sed

48 2162 86 2212 uir
98 2164 139 2210 ent
155 2159 194 2209 sui
210 2159 285 2224 juria,
299 2158 352 2210 edm
370 2159 402 2209 sit
417 2157 486 2210 iiber.
501 2159 559 2222 Ergo
576 2162 652 2223 potest
665 2159 719 2210 dare
733 2159 773 2222 jors
792 2169 859 2222 ouum

48 2232 131 2284 atteri.

81 2305 213 2361 Praeterea,
226 2303 394 2366 aearuepotest
404 2300 497 2352 notente
514 2300 606 2351 domiuo
623 2311 719 2351 uxorem
735 2299 861 2357 ducerent

50 2376 145 2426 dietum
158 2375 196 2421 est
206 2372 261 2436 (ari.
270 2371 392 2436 praeeo),
401 2371 469 2434 Ergo,
484 2372 563 2422 eadem
574 2371 676 2434 ratione,
688 2370 724 2420 rir
732 2373 808 2433 puteat
818 2369 858 2421 do

52 2445 120 2496 mino
134 2455 164 2494 se
181 2441 293 2506 subjicere
307 2443 399 2494 notente
412 2453 492 2494 auore.

88 2559 124 2624 (t)
138 2561 223 2609 Omnia
236 2562 376 2618 exemplaria
389 2558 422 2608 sio
438 2561 544 2608 habenta
563 2560 630 2606 Unda
642 2563 720 2618 pooiet
736 2562 861 2606 eontinen-

55 2629 119 2673 tiam
137 2635 234 2671 dooere.
258 2627 383 2683 Attamen,
401 2625 455 2681 quia
477 2624 501 2668 in
521 2629 654 2680 argumento
674 2623 702 2668 de
716 2621 860 2679 professione

52 2689 170 2746 religiosa
190 2686 279 2746 agitur,
295 2699 347 2742 qum
364 2687 436 2732 servis
455 2685 504 2732 sine
521 2697 638 2732 consensu
653 2685 798 2730 dominorum
813 2696 861 2730 non

54 2750 213 2810 permittitur,
226 2753 253 2794 ut
263 2754 328 2805 patet
341 2761 370 2794 ox
386 2748 506 2798 Dmaotia,
519 2748 574 2794 diat.
587 2747 632 2804 ot,
643 2756 696 2804 oap.
710 2747 819 2796 Neriton,
831 2755 861 2791 eu

53 2817 133 2860 Leom
147 2814 227 2869 Papa,
244 2822 295 2868 cop.
311 2811 401 2870 Noui,
415 2811 559 2858 eumundo
573 2809 730 2868 triburiensi,
743 2815 801 2866 ete„
818 2817 860 2852 rao-

48 2877 177 2934 matonam
192 2873 324 2922 adornatam
332 2873 488 2922 asserionem.
497 2872 591 2927 Quodsi
604 2873 724 2930 nutiqoam
737 2870 861 2918 teotiooom
