2030 3330
115 130 162 181 itt
266 139 466 191 snrrnnnnnrmt,
482 137 575 186 omnen.
592 137 657 190 ure,
671 137 728 179 ner.
743 139 760 178 1.

381 353 548 426 tuderto
562 353 661 420 LXII.

121 503 156 552 Do
167 501 342 561 impedimento
353 499 416 568 quod
424 499 568 559 supervenit
578 498 737 545 matrimonio
750 508 960 558 consummato,

216 573 282 633 qood
292 575 326 620 eet
335 572 486 633 lomatio,
499 572 530 618 io
543 584 586 620 tem
596 571 715 620 ortorum
726 571 819 650 diog'eo.

146 726 231 777 Deinde
239 723 428 776 mmidererrdnm
440 726 475 774 est
488 722 516 773 de
528 722 691 786 impedimento
703 721 763 786 qnod
776 729 938 788 supervenit

115 796 258 850 matrimonio
271 797 443 857 consummato,
462 794 550 846 scilieet
568 794 597 846 de
611 793 778 855 fornicatione,
789 809 850 860 quen
875 799 936 850 im.-

112 871 177 937 pedii
195 868 363 920 matrimonium
376 868 506 932 procedens
518 866 593 930 quoad
605 869 696 931 ectum,
711 871 852 923 remanente
872 873 939 923 vin.

116 943 167 994 culo
180 939 350 992 matrimoniali.

147 1013 213 1065 Circa
225 1011 286 1076 qnod
299 1013 430 1074 querentur
438 1023 479 1061 eex
490 1009 525 1076 (i)
535 1025 542 1060 t
552 1014 580 1060 10
591 1009 671 1061 Utrirm
680 1010 748 1062 liceat
755 1009 808 1062 rire
818 1019 934 1066 uxorem

116 1085 230 1138 dimittere
253 1083 321 1134 cenet
339 1081 505 1134 fornicationis.
524 1087 552 1135 2⁰
572 1081 653 1133 Utrim
677 1083 705 1134 ed
729 1084 774 1134 hoc
796 1085 934 1138 teneatur.

116 1162 143 1208 30
155 1156 234 1208 Utrim
248 1154 340 1220 proprio
350 1153 435 1218 judicio
450 1153 524 1218 possit
537 1166 587 1204 eam
600 1153 724 1204 dimittere.
740 1157 767 1204 t⁰
783 1153 874 1208 Utm'rm
890 1159 931 1208 vir

114 1232 138 1282 et
158 1224 337 1292 exequentem
356 1225 384 1276 ed
401 1226 444 1276 hoc
458 1225 504 1276 eint
520 1224 615 1289 aequeiis
631 1225 775 1276 conditionis.
794 1231 823 1276 5⁰
836 1228 931 1280 Utrirm

115 1303 168 1366 post
177 1297 300 1352 divertium
313 1297 411 1348 debeant
424 1309 516 1349 manere
529 1296 627 1362 innupti.
642 1303 669 1348 60
684 1296 763 1348 Utrdm
776 1302 831 1362 pest
843 1300 931 1352 divor·
1007 1355 1011 1366 .

113 1372 172 1426 tium
184 1371 277 1436 poesim
287 1367 435 1423 reconciliari.

419 1547 576 1603 intruditis
592 1549 610 1601 1.

117 1677 202 1726 Utrdm
212 1681 308 1737 propter
323 1678 511 1737 fornicationem
521 1678 591 1748 liceat
607 1677 660 1724 viro
674 1689 773 1724 nocerem
784 1677 923 1726 dimittere.

145 1806 179 1856 td
192 1805 291 1870 primum
311 1804 344 1855 eie
358 1804 495 1870 proceditur.
513 1804 609 1856 Videtur
626 1803 686 1868 qudd
704 1807 798 1870 propter
815 1807 923 1860 tornien-

114 1877 201 1928 tionem
218 1889 264 1928 non
281 1876 349 1927 liceat
363 1876 413 1928 rire
432 1889 527 1930 uxorem
550 1875 672 1928 dimittere.
693 1878 775 1928 «Non
797 1877 861 1929 enim
882 1884 922 1932 est

115 1950 198 2001 malum
214 1962 256 2014 pro
272 1948 331 1999 maio
343 1947 491 2000 reddendum.
505 1948 578 1998 oded
596 1947 646 2012 vir,
668 1947 803 2000 dimittendo
816 1965 918 2003 uxorem

114 2026 206 2088 pmpter
219 2019 499 2103 tomicetionem‚ridetur
513 2019 598 2071 melnm
612 2033 653 2086 pro
667 2021 727 2074 meio
739 2023 843 2075 reddere.
853 2025 917 2090 Ergo

114 2093 311 2227 hog.nt⁰³¹rlaeltg‡ee,
330 2163 406 2228 mejrre
422 2167 541 2227 peccatum
563 2168 618 2229 est,
633 2165 654 2216 si
667 2168 763 2229 uterque
777 2165 916 2230 fornicetur,

114 2237 215 2304 enimsi
231 2233 393 2288 attententdm.
411 2235 470 2300 Sed,
485 2236 506 2286 ei
515 2241 609 2301 uterque
622 2237 755 2298 fornicetur,
769 2250 815 2299 non
828 2239 918 2303 poterit

114 2313 206 2376 propter
224 2311 269 2392 hoe
282 2306 331 2359 deri
344 2306 474 2359 divortium.
489 2309 548 2372 Ergo
560 2320 604 2361 nec
627 2308 719 2360 sinum
736 2307 824 2383 tectim
836 2309 912 2360 iorni-

116 2383 316 2515 ωιειῖεῑξῖἒιῗὲεα,
329 2450 449 2502 tomicetio
468 2451 591 2518 spiritualis
604 2454 743 2516 etquenam
758 2453 802 2504 eiic
817 2455 911 2518 peccate

114 2527 167 2575 sunt
179 2525 283 2589 graviore
299 2523 367 2588 quim
379 2523 499 2576 fornicatio
520 2523 626 2576 cormelis.
642 2525 686 2576 Sed
707 2527 800 2591 propter
813 2523 851 2574 illc
865 2535 912 2575 non

113 2599 191 2718 potestl
208 2597 248 2648 tier
261 2594 373 2661 separatio
392 2595 473 2648 etero.
492 2595 551 2661 Ergo
570 2609 614 2650 nec
631 2599 723 2663 propter
738 2595 911 2649 fornicationem

115 2681 310 2804 cartltaiffrssc'terec,
325 2740 408 2792 vitium
422 2741 500 2798 centra
518 2742 622 2792 naturam
640 2740 714 2805 magis
726 2742 839 2792 remotum
853 2738 911 2792 esti

148 2883 184 2950 (1)
197 2889 233 2934 Ex
245 2886 377 2942 1V·Settt.,
393 2889 448 2938 diet.
460 2887 500 2952 35,
514 2901 555 2949 qu.
566 2888 590 2952 1,
604 2892 649 2936 ert.
663 2886 676 2935 t
690 2891 714 2936 et
726 2897 794 2946 seqq.

1004 2947 1011 2982 i
