<?xml version="1.0" encoding="UTF-8"?>
<!DOCTYPE html PUBLIC "-//W3C//DTD XHTML 1.0 Transitional//EN"
    "http://www.w3.org/TR/xhtml1/DTD/xhtml1-transitional.dtd">
<html xmlns="http://www.w3.org/1999/xhtml" xml:lang="en" lang="en">
 <head>
  <title>
</title>
<meta http-equiv="Content-Type" content="text/html;charset=utf-8" />
  <meta name='ocr-system' content='tesseract 3.04.00' />
  <meta name='ocr-capabilities' content='ocr_page ocr_carea ocr_par ocr_line ocrx_word'/>
</head>
<body>
  <div class='ocr_page' id='page_1' title='image "./summatheologica06nicogoog_0130.png"; bbox 0 0 2026 3304; ppageno 0'>
   <div class='ocr_carea' id='block_1_1' title="bbox 141 176 776 232">
    <p class='ocr_par' dir='ltr' id='par_1_1' title="bbox 141 176 776 232">
     <span class='ocr_line' id='line_1_1' title="bbox 141 176 776 232; baseline -0.006 -10"><span class='ocrx_word' id='word_1_1' title='bbox 141 176 187 229; x_wconf 66' lang='lat' dir='ltr'>aad</span> <span class='ocrx_word' id='word_1_2' title='bbox 304 181 507 229; x_wconf 70' lang='lat' dir='ltr'>sauromatarum,</span> <span class='ocrx_word' id='word_1_3' title='bbox 521 181 615 227; x_wconf 70' lang='lat' dir='ltr'>cumer-</span> <span class='ocrx_word' id='word_1_4' title='bbox 629 180 670 232; x_wconf 81' lang='lat' dir='ltr'>nv,</span> <span class='ocrx_word' id='word_1_5' title='bbox 685 181 741 221; x_wconf 76' lang='lat' dir='ltr'>aar.</span> <span class='ocrx_word' id='word_1_6' title='bbox 758 183 776 219; x_wconf 91' lang='lat' dir='ltr'>r.</span> 
     </span>
    </p>
   </div>
   <div class='ocr_carea' id='block_1_2' title="bbox 139 257 1006 1464">
    <p class='ocr_par' dir='ltr' id='par_1_2' title="bbox 139 257 1006 1464">
     <span class='ocr_line' id='line_1_2' title="bbox 139 257 951 316; baseline -0.007 0"><span class='ocrx_word' id='word_1_7' title='bbox 139 259 347 316; x_wconf 62' lang='lat' dir='ltr'><strong>communicatione</strong></span> <span class='ocrx_word' id='word_1_8' title='bbox 365 257 464 310; x_wconf 88' lang='lat' dir='ltr'>naturali</span> <span class='ocrx_word' id='word_1_9' title='bbox 484 258 599 308; x_wconf 83' lang='lat' dir='ltr'>fundatur.</span> <span class='ocrx_word' id='word_1_10' title='bbox 614 258 728 310; x_wconf 85' lang='lat' dir='ltr'>Naturalis</span> <span class='ocrx_word' id='word_1_11' title='bbox 749 261 828 312; x_wconf 80' lang='lat' dir='ltr'>aulana</span> <span class='ocrx_word' id='word_1_12' title='bbox 839 273 951 314; x_wconf 66' lang='lat' dir='ltr'>commu-x</span> 
     </span>
     <span class='ocr_line' id='line_1_3' title="bbox 140 329 949 395; baseline 0 -9"><span class='ocrx_word' id='word_1_13' title='bbox 140 333 225 386; x_wconf 83' lang='lat' dir='ltr'>micetio</span> <span class='ocrx_word' id='word_1_14' title='bbox 236 334 271 382; x_wconf 87' lang='lat' dir='ltr'>est</span> <span class='ocrx_word' id='word_1_15' title='bbox 282 331 370 382; x_wconf 84' lang='lat' dir='ltr'>duodus</span> <span class='ocrx_word' id='word_1_16' title='bbox 382 329 463 392; x_wconf 87' lang='lat' dir='ltr'>modis,</span> <span class='ocrx_word' id='word_1_17' title='bbox 476 329 600 380; x_wconf 85' lang='lat' dir='ltr'>secundino</span> <span class='ocrx_word' id='word_1_18' title='bbox 608 331 781 395; x_wconf 78' lang='lat' dir='ltr'>Philosophum,</span> <span class='ocrx_word' id='word_1_19' title='bbox 787 332 845 383; x_wconf 83' lang='lat' dir='ltr'>Vill.</span> <span class='ocrx_word' id='word_1_20' title='bbox 854 333 949 386; x_wconf 68' lang='lat' dir='ltr'>mame.</span> 
     </span>
     <span class='ocr_line' id='line_1_4' title="bbox 141 399 951 470; baseline -0.004 -16"><span class='ocrx_word' id='word_1_21' title='bbox 141 406 182 467; x_wconf 89' lang='lat' dir='ltr'>(ut</span> <span class='ocrx_word' id='word_1_22' title='bbox 195 403 273 467; x_wconf 78' lang='lat' dir='ltr'>supra)</span> <span class='ocrx_word' id='word_1_23' title='bbox 286 417 292 452; x_wconf 93' lang='lat'>:</span> <span class='ocrx_word' id='word_1_24' title='bbox 309 415 355 452; x_wconf 91' lang='lat' dir='ltr'>uno</span> <span class='ocrx_word' id='word_1_25' title='bbox 366 401 441 463; x_wconf 88' lang='lat' dir='ltr'>modo,</span> <span class='ocrx_word' id='word_1_26' title='bbox 451 413 491 465; x_wconf 89' lang='lat' dir='ltr'>per</span> <span class='ocrx_word' id='word_1_27' title='bbox 501 399 576 451; x_wconf 86' lang='lat' dir='ltr'>carnis</span> <span class='ocrx_word' id='word_1_28' title='bbox 589 403 793 465; x_wconf 61' lang='lat' dir='ltr'>propagatorem</span> <span class='ocrx_word' id='word_1_29' title='bbox 811 403 856 454; x_wconf 84' lang='lat' dir='ltr'>alio</span> <span class='ocrx_word' id='word_1_30' title='bbox 865 406 951 470; x_wconf 82' lang='lat' dir='ltr'>modo,</span> 
     </span>
     <span class='ocr_line' id='line_1_5' title="bbox 140 471 952 540; baseline 0.004 -16"><span class='ocrx_word' id='word_1_31' title='bbox 140 487 182 540; x_wconf 88' lang='lat' dir='ltr'>per</span> <span class='ocrx_word' id='word_1_32' title='bbox 199 472 381 536; x_wconf 88' lang='lat' dir='ltr'>conjunctionem</span> <span class='ocrx_word' id='word_1_33' title='bbox 395 473 422 522; x_wconf 91' lang='lat' dir='ltr'>ad</span> <span class='ocrx_word' id='word_1_34' title='bbox 439 471 516 520; x_wconf 90' lang='lat' dir='ltr'>earnis</span> <span class='ocrx_word' id='word_1_35' title='bbox 529 473 716 536; x_wconf 76' lang='lat' dir='ltr'>propagationem</span> <span class='ocrx_word' id='word_1_36' title='bbox 726 473 866 538; x_wconf 69' lang='lat' dir='ltr'>ordinatam</span> <span class='ocrx_word' id='word_1_37' title='bbox 879 477 952 528; x_wconf 77' lang='lat' dir='ltr'>ande</span> 
     </span>
     <span class='ocr_line' id='line_1_6' title="bbox 141 541 952 609; baseline 0.001 -13"><span class='ocrx_word' id='word_1_38' title='bbox 141 547 192 609; x_wconf 87' lang='lat' dir='ltr'>ipsa</span> <span class='ocrx_word' id='word_1_39' title='bbox 209 543 292 594; x_wconf 82' lang='lat' dir='ltr'>ibidem</span> <span class='ocrx_word' id='word_1_40' title='bbox 309 542 364 592; x_wconf 87' lang='lat' dir='ltr'>dicit</span> <span class='ocrx_word' id='word_1_41' title='bbox 377 541 439 606; x_wconf 89' lang='lat' dir='ltr'>qudd</span> <span class='ocrx_word' id='word_1_42' title='bbox 454 542 581 595; x_wconf 77' lang='lat' dir='ltr'>«amicitia</span> <span class='ocrx_word' id='word_1_43' title='bbox 597 542 641 592; x_wconf 89' lang='lat' dir='ltr'>viri</span> <span class='ocrx_word' id='word_1_44' title='bbox 654 544 682 593; x_wconf 89' lang='lat' dir='ltr'>ad</span> <span class='ocrx_word' id='word_1_45' title='bbox 693 557 788 595; x_wconf 82' lang='lat' dir='ltr'>uxorem</span> <span class='ocrx_word' id='word_1_46' title='bbox 803 549 839 595; x_wconf 87' lang='lat' dir='ltr'>ast</span> <span class='ocrx_word' id='word_1_47' title='bbox 849 550 952 598; x_wconf 54' lang='lat' dir='ltr'>natura*</span> 
     </span>
     <span class='ocr_line' id='line_1_7' title="bbox 142 612 952 682; baseline 0.002 -16"><span class='ocrx_word' id='word_1_48' title='bbox 142 615 208 670; x_wconf 83' lang='lat' dir='ltr'>lis.»</span> <span class='ocrx_word' id='word_1_49' title='bbox 223 614 305 676; x_wconf 86' lang='lat' dir='ltr'>Unde,</span> <span class='ocrx_word' id='word_1_50' title='bbox 320 613 380 663; x_wconf 86' lang='lat' dir='ltr'>sicut</span> <span class='ocrx_word' id='word_1_51' title='bbox 393 625 491 676; x_wconf 89' lang='lat' dir='ltr'>persona</span> <span class='ocrx_word' id='word_1_52' title='bbox 504 613 627 676; x_wconf 73' lang='lat' dir='ltr'>coniuncta</span> <span class='ocrx_word' id='word_1_53' title='bbox 640 612 707 664; x_wconf 86' lang='lat' dir='ltr'>alteri</span> <span class='ocrx_word' id='word_1_54' title='bbox 718 625 759 677; x_wconf 87' lang='lat' dir='ltr'>per</span> <span class='ocrx_word' id='word_1_55' title='bbox 772 616 848 667; x_wconf 85' lang='lat' dir='ltr'>carnis</span> <span class='ocrx_word' id='word_1_56' title='bbox 861 629 952 682; x_wconf 84' lang='lat' dir='ltr'>propa-</span> 
     </span>
     <span class='ocr_line' id='line_1_8' title="bbox 141 682 1006 754; baseline 0.002 -18"><span class='ocrx_word' id='word_1_57' title='bbox 141 685 272 750; x_wconf 77' lang='lat' dir='ltr'>gationem,</span> <span class='ocrx_word' id='word_1_58' title='bbox 292 685 406 748; x_wconf 80' lang='lat' dir='ltr'>quoddam</span> <span class='ocrx_word' id='word_1_59' title='bbox 431 684 547 734; x_wconf 88' lang='lat' dir='ltr'>vinculum</span> <span class='ocrx_word' id='word_1_60' title='bbox 565 682 670 736; x_wconf 75' lang='lat' dir='ltr'>amicitias</span> <span class='ocrx_word' id='word_1_61' title='bbox 693 685 804 740; x_wconf 87' lang='lat' dir='ltr'>naturalis</span> <span class='ocrx_word' id='word_1_62' title='bbox 824 687 890 746; x_wconf 88' lang='lat' dir='ltr'>iacit,</span> <span class='ocrx_word' id='word_1_63' title='bbox 913 689 954 740; x_wconf 81' lang='lat' dir='ltr'>iia</span> <span class='ocrx_word' id='word_1_64' title='bbox 1005 751 1006 754; x_wconf 7' lang='grc' dir='ltr'><strong>Ἴ</strong></span> 
     </span>
     <span class='ocr_line' id='line_1_9' title="bbox 142 755 1006 821; baseline 0.002 -13"><span class='ocrx_word' id='word_1_65' title='bbox 142 755 290 819; x_wconf 84' lang='lat' dir='ltr'>conjungitur</span> <span class='ocrx_word' id='word_1_66' title='bbox 310 767 351 819; x_wconf 89' lang='lat' dir='ltr'>per</span> <span class='ocrx_word' id='word_1_67' title='bbox 368 755 482 805; x_wconf 85' lang='lat' dir='ltr'>carnalem</span> <span class='ocrx_word' id='word_1_68' title='bbox 496 755 609 818; x_wconf 75' lang='lat' dir='ltr'>cupidam.</span> <span class='ocrx_word' id='word_1_69' title='bbox 625 755 670 806; x_wconf 85' lang='lat' dir='ltr'>Sed</span> <span class='ocrx_word' id='word_1_70' title='bbox 683 755 708 805; x_wconf 91' lang='lat' dir='ltr'>iu</span> <span class='ocrx_word' id='word_1_71' title='bbox 726 758 770 806; x_wconf 86' lang='lat' dir='ltr'>hoc</span> <span class='ocrx_word' id='word_1_72' title='bbox 785 757 869 821; x_wconf 82' lang='lat' dir='ltr'>differt,</span> <span class='ocrx_word' id='word_1_73' title='bbox 884 758 955 820; x_wconf 80' lang='lat' dir='ltr'>qudd</span> <span class='ocrx_word' id='word_1_74' title='bbox 1005 815 1006 820; x_wconf 7' lang='grc' dir='ltr'>ἵ</span> 
     </span>
     <span class='ocr_line' id='line_1_10' title="bbox 142 826 1006 892; baseline 0.007 -16"><span class='ocrx_word' id='word_1_75' title='bbox 142 839 242 892; x_wconf 85' lang='lat' dir='ltr'>persona</span> <span class='ocrx_word' id='word_1_76' title='bbox 252 826 374 890; x_wconf 88' lang='lat' dir='ltr'>conjuncta</span> <span class='ocrx_word' id='word_1_77' title='bbox 388 826 456 876; x_wconf 85' lang='lat' dir='ltr'>alicui</span> <span class='ocrx_word' id='word_1_78' title='bbox 469 839 509 891; x_wconf 88' lang='lat' dir='ltr'>per</span> <span class='ocrx_word' id='word_1_79' title='bbox 522 826 597 876; x_wconf 90' lang='lat' dir='ltr'>carnis</span> <span class='ocrx_word' id='word_1_80' title='bbox 607 826 808 892; x_wconf 76' lang='lat' dir='ltr'><strong>propagationem,</strong></span> <span class='ocrx_word' id='word_1_81' title='bbox 818 829 876 879; x_wconf 86' lang='lat' dir='ltr'>siout</span> <span class='ocrx_word' id='word_1_82' title='bbox 885 829 954 882; x_wconf 81' lang='lat' dir='ltr'>iilius</span> <span class='ocrx_word' id='word_1_83' title='bbox 1005 883 1006 886; x_wconf 67' lang='grc'>,</span> 
     </span>
     <span class='ocr_line' id='line_1_11' title="bbox 143 897 1006 968; baseline 0.005 -20"><span class='ocrx_word' id='word_1_84' title='bbox 143 900 216 966; x_wconf 89' lang='lat' dir='ltr'>patri,</span> <span class='ocrx_word' id='word_1_85' title='bbox 232 899 257 948; x_wconf 86' lang='lat' dir='ltr'>fit</span> <span class='ocrx_word' id='word_1_86' title='bbox 277 898 391 963; x_wconf 81' lang='lat' dir='ltr'>particeps</span> <span class='ocrx_word' id='word_1_87' title='bbox 409 899 512 962; x_wconf 86' lang='lat' dir='ltr'>ejusdem</span> <span class='ocrx_word' id='word_1_88' title='bbox 531 897 613 950; x_wconf 81' lang='lat' dir='ltr'>radicis</span> <span class='ocrx_word' id='word_1_89' title='bbox 632 899 758 949; x_wconf 86' lang='lat' dir='ltr'>communis</span> <span class='ocrx_word' id='word_1_90' title='bbox 777 903 799 950; x_wconf 90' lang='lat' dir='ltr'>et</span> <span class='ocrx_word' id='word_1_91' title='bbox 814 900 952 966; x_wconf 81' lang='lat' dir='ltr'>sangniuis3</span> <span class='ocrx_word' id='word_1_92' title='bbox 1005 965 1006 968; x_wconf 8' lang='grc' dir='ltr'><strong>Ἴ</strong></span> 
     </span>
     <span class='ocr_line' id='line_1_12' title="bbox 143 967 1006 1036; baseline 0.003 -16"><span class='ocrx_word' id='word_1_93' title='bbox 143 972 204 1021; x_wconf 90' lang='lat' dir='ltr'>unde</span> <span class='ocrx_word' id='word_1_94' title='bbox 219 971 298 1020; x_wconf 86' lang='lat' dir='ltr'>eodem</span> <span class='ocrx_word' id='word_1_95' title='bbox 316 983 399 1034; x_wconf 78' lang='lat' dir='ltr'><strong>genere</strong></span> <span class='ocrx_word' id='word_1_96' title='bbox 411 967 497 1020; x_wconf 80' lang='lat' dir='ltr'>vinculi</span> <span class='ocrx_word' id='word_1_97' title='bbox 512 969 629 1033; x_wconf 86' lang='lat' dir='ltr'>colligatur</span> <span class='ocrx_word' id='word_1_98' title='bbox 640 970 700 1020; x_wconf 87' lang='lat' dir='ltr'>iilius</span> <span class='ocrx_word' id='word_1_99' title='bbox 716 970 893 1034; x_wconf 81' lang='lat' dir='ltr'>consanguineis</span> <span class='ocrx_word' id='word_1_100' title='bbox 906 985 955 1036; x_wconf 86' lang='lat' dir='ltr'>pa·</span> <span class='ocrx_word' id='word_1_101' title='bbox 1005 1019 1006 1032; x_wconf 39' lang='lat'>2</span> 
     </span>
     <span class='ocr_line' id='line_1_13' title="bbox 143 1040 1006 1106; baseline 0.003 -13"><span class='ocrx_word' id='word_1_102' title='bbox 143 1041 195 1105; x_wconf 89' lang='lat' dir='ltr'>tris,</span> <span class='ocrx_word' id='word_1_103' title='bbox 210 1055 255 1105; x_wconf 90' lang='lat' dir='ltr'>quo</span> <span class='ocrx_word' id='word_1_104' title='bbox 265 1045 329 1106; x_wconf 85' lang='lat' dir='ltr'>pater</span> <span class='ocrx_word' id='word_1_105' title='bbox 343 1041 534 1106; x_wconf 78' lang='lat' dir='ltr'><strong>conjungebatur,</strong></span> <span class='ocrx_word' id='word_1_106' title='bbox 547 1040 633 1092; x_wconf 87' lang='lat' dir='ltr'>scilicet</span> <span class='ocrx_word' id='word_1_107' title='bbox 644 1042 852 1105; x_wconf 81' lang='lat' dir='ltr'>consanguinitate,</span> <span class='ocrx_word' id='word_1_108' title='bbox 867 1055 955 1106; x_wconf 89' lang='lat' dir='ltr'>quam·</span> <span class='ocrx_word' id='word_1_109' title='bbox 1005 1093 1006 1096; x_wconf 74' lang='grc'>,</span> 
     </span>
     <span class='ocr_line' id='line_1_14' title="bbox 143 1111 1006 1177; baseline 0.003 -14"><span class='ocrx_word' id='word_1_110' title='bbox 143 1111 180 1163; x_wconf 93' lang='lat' dir='ltr'>vis</span> <span class='ocrx_word' id='word_1_111' title='bbox 196 1112 320 1162; x_wconf 79' lang='lat' dir='ltr'>secundum</span> <span class='ocrx_word' id='word_1_112' title='bbox 338 1112 407 1161; x_wconf 83' lang='lat' dir='ltr'>aliurn</span> <span class='ocrx_word' id='word_1_113' title='bbox 429 1114 537 1176; x_wconf 82' lang='lat' dir='ltr'>gradum,</span> <span class='ocrx_word' id='word_1_114' title='bbox 553 1117 647 1177; x_wconf 85' lang='lat' dir='ltr'>propter</span> <span class='ocrx_word' id='word_1_115' title='bbox 665 1115 773 1176; x_wconf 83' lang='lat' dir='ltr'>majorem</span> <span class='ocrx_word' id='word_1_116' title='bbox 793 1112 956 1166; x_wconf 74' lang='lat' dir='ltr'>distantiamd</span> <span class='ocrx_word' id='word_1_117' title='bbox 1005 1167 1006 1172; x_wconf 67' lang='grc'>,</span> 
     </span>
     <span class='ocr_line' id='line_1_15' title="bbox 143 1185 957 1250; baseline -0.002 -10"><span class='ocrx_word' id='word_1_118' title='bbox 143 1185 238 1248; x_wconf 80' lang='lat' dir='ltr'>radioe3</span> <span class='ocrx_word' id='word_1_119' title='bbox 254 1186 294 1236; x_wconf 88' lang='lat' dir='ltr'>sed</span> <span class='ocrx_word' id='word_1_120' title='bbox 305 1197 403 1248; x_wconf 85' lang='lat' dir='ltr'>persona</span> <span class='ocrx_word' id='word_1_121' title='bbox 415 1186 536 1250; x_wconf 84' lang='lat' dir='ltr'>conjuncta</span> <span class='ocrx_word' id='word_1_122' title='bbox 547 1197 588 1249; x_wconf 85' lang='lat' dir='ltr'>par</span> <span class='ocrx_word' id='word_1_123' title='bbox 600 1185 713 1237; x_wconf 84' lang='lat' dir='ltr'>carnatem</span> <span class='ocrx_word' id='word_1_124' title='bbox 729 1185 851 1248; x_wconf 86' lang='lat' dir='ltr'>copulam,</span> <span class='ocrx_word' id='word_1_125' title='bbox 865 1197 914 1236; x_wconf 93' lang='lat' dir='ltr'>nou</span> <span class='ocrx_word' id='word_1_126' title='bbox 924 1187 957 1238; x_wconf 84' lang='lat' dir='ltr'>fit</span> 
     </span>
     <span class='ocr_line' id='line_1_16' title="bbox 143 1255 956 1323; baseline 0.001 -15"><span class='ocrx_word' id='word_1_127' title='bbox 143 1255 259 1323; x_wconf 88' lang='lat' dir='ltr'>particeps</span> <span class='ocrx_word' id='word_1_128' title='bbox 277 1257 380 1321; x_wconf 82' lang='lat' dir='ltr'>ejusdem</span> <span class='ocrx_word' id='word_1_129' title='bbox 393 1257 486 1317; x_wconf 82' lang='lat' dir='ltr'>radicis,</span> <span class='ocrx_word' id='word_1_130' title='bbox 496 1257 536 1308; x_wconf 87' lang='lat' dir='ltr'>sod</span> <span class='ocrx_word' id='word_1_131' title='bbox 554 1256 621 1320; x_wconf 86' lang='lat' dir='ltr'>quasi</span> <span class='ocrx_word' id='word_1_132' title='bbox 632 1255 774 1307; x_wconf 80' lang='lat' dir='ltr'>extrinsecis</span> <span class='ocrx_word' id='word_1_133' title='bbox 788 1255 906 1321; x_wconf 79' lang='lat' dir='ltr'>adjuncta.</span> <span class='ocrx_word' id='word_1_134' title='bbox 921 1259 956 1310; x_wconf 74' lang='lat' dir='ltr'>ut</span> 
     </span>
     <span class='ocr_line' id='line_1_17' title="bbox 142 1327 955 1392; baseline 0.001 -13"><span class='ocrx_word' id='word_1_135' title='bbox 142 1329 195 1388; x_wconf 85' lang='lat' dir='ltr'>ideo</span> <span class='ocrx_word' id='word_1_136' title='bbox 208 1341 237 1379; x_wconf 82' lang='lat' dir='ltr'>en</span> <span class='ocrx_word' id='word_1_137' title='bbox 246 1331 290 1380; x_wconf 85' lang='lat' dir='ltr'>hoc</span> <span class='ocrx_word' id='word_1_138' title='bbox 304 1329 402 1380; x_wconf 85' lang='lat' dir='ltr'>eiiicitur</span> <span class='ocrx_word' id='word_1_139' title='bbox 412 1329 475 1378; x_wconf 89' lang='lat' dir='ltr'>aliud</span> <span class='ocrx_word' id='word_1_140' title='bbox 485 1341 558 1389; x_wconf 78' lang='lat' dir='ltr'>genus</span> <span class='ocrx_word' id='word_1_141' title='bbox 572 1327 671 1388; x_wconf 83' lang='lat' dir='ltr'>vinculi,</span> <span class='ocrx_word' id='word_1_142' title='bbox 682 1328 742 1390; x_wconf 89' lang='lat' dir='ltr'>quod</span> <span class='ocrx_word' id='word_1_143' title='bbox 756 1328 875 1392; x_wconf 71' lang='lat' dir='ltr'>affinitas</span> <span class='ocrx_word' id='word_1_144' title='bbox 891 1328 955 1380; x_wconf 83' lang='lat' dir='ltr'>dioi-</span> 
     </span>
     <span class='ocr_line' id='line_1_18' title="bbox 144 1397 737 1464; baseline -0.007 -11"><span class='ocrx_word' id='word_1_145' title='bbox 144 1403 192 1458; x_wconf 77' lang='lat' dir='ltr'>inr.</span> <span class='ocrx_word' id='word_1_146' title='bbox 208 1401 238 1452; x_wconf 86' lang='lat' dir='ltr'>Et</span> <span class='ocrx_word' id='word_1_147' title='bbox 252 1402 297 1456; x_wconf 82' lang='lat' dir='ltr'>hoc</span> <span class='ocrx_word' id='word_1_148' title='bbox 315 1403 351 1450; x_wconf 87' lang='lat' dir='ltr'>est</span> <span class='ocrx_word' id='word_1_149' title='bbox 370 1399 430 1464; x_wconf 89' lang='lat' dir='ltr'>qnod</span> <span class='ocrx_word' id='word_1_150' title='bbox 450 1399 475 1448; x_wconf 91' lang='lat' dir='ltr'>iu</span> <span class='ocrx_word' id='word_1_151' title='bbox 489 1397 534 1450; x_wconf 88' lang='lat' dir='ltr'>isto</span> <span class='ocrx_word' id='word_1_152' title='bbox 552 1411 619 1449; x_wconf 89' lang='lat' dir='ltr'>versu</span> <span class='ocrx_word' id='word_1_153' title='bbox 635 1399 737 1450; x_wconf 85' lang='lat' dir='ltr'>diciturr</span> 
     </span>
    </p>
   </div>
   <div class='ocr_carea' id='block_1_3' title="bbox 268 1509 777 1562">
    <p class='ocr_par' dir='ltr' id='par_1_3' title="bbox 268 1509 777 1562">
     <span class='ocr_line' id='line_1_19' title="bbox 268 1509 777 1562; baseline 0 -16"><span class='ocrx_word' id='word_1_154' title='bbox 268 1527 276 1546; x_wconf 77' lang='grc' dir='ltr'>ι</span> <span class='ocrx_word' id='word_1_155' title='bbox 290 1511 353 1549; x_wconf 75' lang='lat' dir='ltr'>muru</span> <span class='ocrx_word' id='word_1_156' title='bbox 365 1515 424 1562; x_wconf 81' lang='lat' dir='ltr'>nuptu</span> <span class='ocrx_word' id='word_1_157' title='bbox 437 1521 503 1558; x_wconf 70' lang='lat' dir='ltr'>genus,</span> <span class='ocrx_word' id='word_1_158' title='bbox 518 1509 551 1547; x_wconf 81' lang='lat' dir='ltr'>ned</span> <span class='ocrx_word' id='word_1_159' title='bbox 565 1516 654 1558; x_wconf 69' lang='lat' dir='ltr'>generata</span> <span class='ocrx_word' id='word_1_160' title='bbox 667 1511 754 1559; x_wconf 69' lang='lat' dir='ltr'>gradum.</span> <span class='ocrx_word' id='word_1_161' title='bbox 768 1526 777 1546; x_wconf 76' lang='lat' dir='ltr'>n</span> 
     </span>
    </p>
   </div>
   <div class='ocr_carea' id='block_1_4' title="bbox 144 1589 1006 1674">
    <p class='ocr_par' dir='ltr' id='par_1_4' title="bbox 144 1589 1006 1674">
     <span class='ocr_line' id='line_1_20' title="bbox 144 1589 1006 1674; baseline 0.003 -13"><span class='ocrx_word' id='word_1_162' title='bbox 144 1610 203 1671; x_wconf 78' lang='lat' dir='ltr'>Quia</span> <span class='ocrx_word' id='word_1_163' title='bbox 221 1609 307 1661; x_wconf 86' lang='lat' dir='ltr'>scilicet</span> <span class='ocrx_word' id='word_1_164' title='bbox 323 1621 422 1674; x_wconf 88' lang='lat' dir='ltr'>persona</span> <span class='ocrx_word' id='word_1_165' title='bbox 437 1621 478 1672; x_wconf 87' lang='lat' dir='ltr'>pen</span> <span class='ocrx_word' id='word_1_166' title='bbox 493 1609 664 1672; x_wconf 75' lang='lat' dir='ltr'>generationem</span> <span class='ocrx_word' id='word_1_167' title='bbox 686 1609 711 1660; x_wconf 83' lang='lat' dir='ltr'>ut</span> <span class='ocrx_word' id='word_1_168' title='bbox 724 1610 749 1660; x_wconf 92' lang='lat' dir='ltr'>in</span> <span class='ocrx_word' id='word_1_169' title='bbox 766 1611 846 1666; x_wconf 82' lang='lat' dir='ltr'>eodem</span> <span class='ocrx_word' id='word_1_170' title='bbox 866 1623 956 1674; x_wconf 71' lang='lat' dir='ltr'>gauere</span> <span class='ocrx_word' id='word_1_171' title='bbox 1005 1589 1006 1592; x_wconf 8' lang='grc' dir='ltr'><strong>Ἴ</strong></span> 
     </span>
    </p>
   </div>
   <div class='ocr_carea' id='block_1_5' title="bbox 74 1681 1006 2960">
    <p class='ocr_par' dir='ltr' id='par_1_5' title="bbox 145 1681 954 1816">
     <span class='ocr_line' id='line_1_21' title="bbox 145 1681 954 1748; baseline 0.006 -14"><span class='ocrx_word' id='word_1_172' title='bbox 145 1682 290 1744; x_wconf 76' lang='lat' dir='ltr'>attinentia,</span> <span class='ocrx_word' id='word_1_173' title='bbox 311 1682 350 1732; x_wconf 88' lang='lat' dir='ltr'>sed</span> <span class='ocrx_word' id='word_1_174' title='bbox 369 1682 395 1732; x_wconf 90' lang='lat' dir='ltr'>in</span> <span class='ocrx_word' id='word_1_175' title='bbox 411 1681 455 1732; x_wconf 91' lang='lat' dir='ltr'>alio</span> <span class='ocrx_word' id='word_1_176' title='bbox 471 1681 555 1746; x_wconf 74' lang='lat' dir='ltr'>qradu3</span> <span class='ocrx_word' id='word_1_177' title='bbox 570 1694 612 1745; x_wconf 87' lang='lat' dir='ltr'>per</span> <span class='ocrx_word' id='word_1_178' title='bbox 629 1682 745 1735; x_wconf 84' lang='lat' dir='ltr'>carnalem</span> <span class='ocrx_word' id='word_1_179' title='bbox 757 1681 812 1734; x_wconf 89' lang='lat' dir='ltr'>vard</span> <span class='ocrx_word' id='word_1_180' title='bbox 828 1683 934 1748; x_wconf 79' lang='lat' dir='ltr'>copulam</span> <span class='ocrx_word' id='word_1_181' title='bbox 942 1721 954 1748; x_wconf 90' lang='lat'>,</span> 
     </span>
     <span class='ocr_line' id='line_1_22' title="bbox 145 1753 382 1816; baseline -0.013 -12"><span class='ocrx_word' id='word_1_182' title='bbox 145 1753 173 1810; x_wconf 86' lang='lat' dir='ltr'>iit</span> <span class='ocrx_word' id='word_1_183' title='bbox 187 1754 211 1804; x_wconf 88' lang='lat' dir='ltr'>in</span> <span class='ocrx_word' id='word_1_184' title='bbox 227 1753 271 1802; x_wconf 89' lang='lat' dir='ltr'>aiio</span> <span class='ocrx_word' id='word_1_185' title='bbox 289 1766 382 1816; x_wconf 73' lang='lat' dir='ltr'>genere.</span> 
     </span>
    </p>

    <p class='ocr_par' dir='ltr' id='par_1_6' title="bbox 74 1825 1006 2588">
     <span class='ocr_line' id='line_1_23' title="bbox 178 1825 956 1894; baseline 0.005 -18"><span class='ocrx_word' id='word_1_186' title='bbox 178 1825 212 1876; x_wconf 80' lang='lat' dir='ltr'>td</span> <span class='ocrx_word' id='word_1_187' title='bbox 224 1825 321 1884; x_wconf 83' lang='lat' dir='ltr'>priunum</span> <span class='ocrx_word' id='word_1_188' title='bbox 335 1837 389 1885; x_wconf 72' lang='lat' dir='ltr'>erno</span> <span class='ocrx_word' id='word_1_189' title='bbox 408 1825 544 1888; x_wconf 82' lang='lat' dir='ltr'>dicendum,</span> <span class='ocrx_word' id='word_1_190' title='bbox 560 1825 618 1888; x_wconf 91' lang='lat' dir='ltr'>qudd</span> <span class='ocrx_word' id='word_1_191' title='bbox 629 1863 638 1886; x_wconf 87' lang='lat'>,</span> <span class='ocrx_word' id='word_1_192' title='bbox 651 1825 756 1888; x_wconf 88' lang='lat' dir='ltr'>quamvis</span> <span class='ocrx_word' id='word_1_193' title='bbox 770 1839 839 1878; x_wconf 87' lang='lat' dir='ltr'>causa</span> <span class='ocrx_word' id='word_1_194' title='bbox 855 1827 885 1878; x_wconf 80' lang='lat' dir='ltr'>sid</span> <span class='ocrx_word' id='word_1_195' title='bbox 905 1841 956 1894; x_wconf 83' lang='lat' dir='ltr'>pn·-</span> 
     </span>
     <span class='ocr_line' id='line_1_24' title="bbox 145 1893 957 1962; baseline 0.007 -17"><span class='ocrx_word' id='word_1_196' title='bbox 145 1895 191 1950; x_wconf 82' lang='lat' dir='ltr'>tior</span> <span class='ocrx_word' id='word_1_197' title='bbox 211 1893 310 1954; x_wconf 82' lang='lat' dir='ltr'>effectu,</span> <span class='ocrx_word' id='word_1_198' title='bbox 333 1908 381 1946; x_wconf 90' lang='lat' dir='ltr'>non</span> <span class='ocrx_word' id='word_1_199' title='bbox 400 1899 477 1944; x_wconf 88' lang='lat' dir='ltr'>tamen</span> <span class='ocrx_word' id='word_1_200' title='bbox 495 1899 584 1959; x_wconf 84' lang='lat' dir='ltr'>oportet</span> <span class='ocrx_word' id='word_1_201' title='bbox 601 1907 691 1960; x_wconf 78' lang='lat' dir='ltr'>semper</span> <span class='ocrx_word' id='word_1_202' title='bbox 711 1897 771 1962; x_wconf 91' lang='lat' dir='ltr'>qudd</span> <span class='ocrx_word' id='word_1_203' title='bbox 793 1909 876 1951; x_wconf 67' lang='lat' dir='ltr'>nonen</span> <span class='ocrx_word' id='word_1_204' title='bbox 889 1899 957 1951; x_wconf 79' lang='lat' dir='ltr'>idem</span> 
     </span>
     <span class='ocr_line' id='line_1_25' title="bbox 146 1965 956 2032; baseline 0.012 -16"><span class='ocrx_word' id='word_1_205' title='bbox 146 1965 242 2018; x_wconf 77' lang='lat' dir='ltr'>affectui</span> <span class='ocrx_word' id='word_1_206' title='bbox 256 1969 279 2015; x_wconf 92' lang='lat' dir='ltr'>et</span> <span class='ocrx_word' id='word_1_207' title='bbox 298 1977 373 2016; x_wconf 78' lang='lat' dir='ltr'>carrae</span> <span class='ocrx_word' id='word_1_208' title='bbox 387 1965 524 2028; x_wconf 72' lang='lat' dir='ltr'>conveniri,</span> <span class='ocrx_word' id='word_1_209' title='bbox 544 1965 598 2029; x_wconf 88' lang='lat' dir='ltr'>quia</span> <span class='ocrx_word' id='word_1_210' title='bbox 618 1969 753 2032; x_wconf 78' lang='lat' dir='ltr'>quandoque</span> <span class='ocrx_word' id='word_1_211' title='bbox 769 1969 825 2020; x_wconf 92' lang='lat' dir='ltr'>illud</span> <span class='ocrx_word' id='word_1_212' title='bbox 839 1971 898 2032; x_wconf 90' lang='lat' dir='ltr'>qnod</span> <span class='ocrx_word' id='word_1_213' title='bbox 912 1974 956 2022; x_wconf 80' lang='lat' dir='ltr'>est</span> 
     </span>
     <span class='ocr_line' id='line_1_26' title="bbox 145 2035 1006 2106; baseline 0.006 -16"><span class='ocrx_word' id='word_1_214' title='bbox 145 2036 172 2090; x_wconf 91' lang='lat' dir='ltr'>iu</span> <span class='ocrx_word' id='word_1_215' title='bbox 186 2036 285 2098; x_wconf 84' lang='lat' dir='ltr'>effectu,</span> <span class='ocrx_word' id='word_1_216' title='bbox 304 2035 421 2086; x_wconf 89' lang='lat' dir='ltr'>invenitur</span> <span class='ocrx_word' id='word_1_217' title='bbox 433 2035 458 2086; x_wconf 92' lang='lat' dir='ltr'>in</span> <span class='ocrx_word' id='word_1_218' title='bbox 470 2049 539 2089; x_wconf 87' lang='lat' dir='ltr'>causa</span> <span class='ocrx_word' id='word_1_219' title='bbox 552 2051 599 2088; x_wconf 92' lang='lat' dir='ltr'>non</span> <span class='ocrx_word' id='word_1_220' title='bbox 613 2039 694 2091; x_wconf 87' lang='lat' dir='ltr'>eodem</span> <span class='ocrx_word' id='word_1_221' title='bbox 705 2041 786 2103; x_wconf 87' lang='lat' dir='ltr'>modo,</span> <span class='ocrx_word' id='word_1_222' title='bbox 803 2041 844 2093; x_wconf 86' lang='lat' dir='ltr'>sed</span> <span class='ocrx_word' id='word_1_223' title='bbox 859 2039 953 2106; x_wconf 78' lang='lat' dir='ltr'>aitiori3</span> <span class='ocrx_word' id='word_1_224' title='bbox 1005 2049 1006 2052; x_wconf 76' lang='grc'>’</span> 
     </span>
     <span class='ocr_line' id='line_1_27' title="bbox 145 2106 955 2176; baseline 0.007 -17"><span class='ocrx_word' id='word_1_225' title='bbox 145 2113 172 2159; x_wconf 90' lang='lat' dir='ltr'>et</span> <span class='ocrx_word' id='word_1_226' title='bbox 184 2106 236 2166; x_wconf 86' lang='lat' dir='ltr'>ideo</span> <span class='ocrx_word' id='word_1_227' title='bbox 251 2119 297 2156; x_wconf 90' lang='lat' dir='ltr'>non</span> <span class='ocrx_word' id='word_1_228' title='bbox 307 2106 414 2158; x_wconf 89' lang='lat' dir='ltr'>convenit</span> <span class='ocrx_word' id='word_1_229' title='bbox 427 2120 502 2161; x_wconf 80' lang='lat' dir='ltr'>cause</span> <span class='ocrx_word' id='word_1_230' title='bbox 516 2112 540 2160; x_wconf 85' lang='lat' dir='ltr'>et</span> <span class='ocrx_word' id='word_1_231' title='bbox 548 2109 641 2162; x_wconf 86' lang='lat' dir='ltr'>eiiectui</span> <span class='ocrx_word' id='word_1_232' title='bbox 654 2123 695 2174; x_wconf 90' lang='lat' dir='ltr'>per</span> <span class='ocrx_word' id='word_1_233' title='bbox 706 2111 764 2162; x_wconf 85' lang='lat' dir='ltr'>idenu</span> <span class='ocrx_word' id='word_1_234' title='bbox 777 2123 955 2176; x_wconf 69' lang='lat' dir='ltr'>nonenoeane</span> 
     </span>
     <span class='ocr_line' id='line_1_28' title="bbox 74 2179 953 2246; baseline 0.006 -15"><span class='ocrx_word' id='word_1_235' title='bbox 74 2198 80 2210; x_wconf 91' lang='lat'><strong>·</strong></span> <span class='ocrx_word' id='word_1_236' title='bbox 145 2192 187 2245; x_wconf 88' lang='lat' dir='ltr'>per</span> <span class='ocrx_word' id='word_1_237' title='bbox 196 2179 300 2230; x_wconf 86' lang='lat' dir='ltr'>eamdem</span> <span class='ocrx_word' id='word_1_238' title='bbox 314 2179 433 2242; x_wconf 87' lang='lat' dir='ltr'>rationem,</span> <span class='ocrx_word' id='word_1_239' title='bbox 448 2179 581 2245; x_wconf 88' lang='lat' dir='ltr'>sicutpatet</span> <span class='ocrx_word' id='word_1_240' title='bbox 592 2182 618 2232; x_wconf 90' lang='lat' dir='ltr'>in</span> <span class='ocrx_word' id='word_1_241' title='bbox 631 2182 736 2234; x_wconf 81' lang='lat' dir='ltr'>cunibus</span> <span class='ocrx_word' id='word_1_242' title='bbox 747 2182 821 2235; x_wconf 86' lang='lat' dir='ltr'>causis</span> <span class='ocrx_word' id='word_1_243' title='bbox 831 2181 953 2246; x_wconf 72' lang='lat' dir='ltr'>aequivoce</span> 
     </span>
     <span class='ocr_line' id='line_1_29' title="bbox 146 2249 956 2318; baseline 0.007 -18"><span class='ocrx_word' id='word_1_244' title='bbox 146 2249 276 2316; x_wconf 72' lang='lat' dir='ltr'>agentibus.</span> <span class='ocrx_word' id='word_1_245' title='bbox 291 2251 321 2300; x_wconf 81' lang='lat' dir='ltr'>ut</span> <span class='ocrx_word' id='word_1_246' title='bbox 340 2251 385 2302; x_wconf 84' lang='lat' dir='ltr'>hoc</span> <span class='ocrx_word' id='word_1_247' title='bbox 402 2251 469 2304; x_wconf 90' lang='lat' dir='ltr'>modu</span> <span class='ocrx_word' id='word_1_248' title='bbox 489 2253 618 2318; x_wconf 77' lang='lat' dir='ltr'>oonJunetio</span> <span class='ocrx_word' id='word_1_249' title='bbox 638 2252 718 2308; x_wconf 89' lang='lat' dir='ltr'>viriet</span> <span class='ocrx_word' id='word_1_250' title='bbox 735 2253 813 2304; x_wconf 80' lang='lat' dir='ltr'>uronis</span> <span class='ocrx_word' id='word_1_251' title='bbox 825 2256 862 2304; x_wconf 84' lang='lat' dir='ltr'>est</span> <span class='ocrx_word' id='word_1_252' title='bbox 875 2253 956 2316; x_wconf 85' lang='lat' dir='ltr'>potior</span> 
     </span>
     <span class='ocr_line' id='line_1_30' title="bbox 145 2321 956 2386; baseline 0.009 -15"><span class='ocrx_word' id='word_1_253' title='bbox 145 2321 215 2386; x_wconf 80' lang='lat' dir='ltr'>quana</span> <span class='ocrx_word' id='word_1_254' title='bbox 231 2322 363 2385; x_wconf 73' lang='lat' dir='ltr'>coniunctio</span> <span class='ocrx_word' id='word_1_255' title='bbox 386 2321 464 2372; x_wconf 87' lang='lat' dir='ltr'>uronis</span> <span class='ocrx_word' id='word_1_256' title='bbox 484 2324 513 2374; x_wconf 90' lang='lat' dir='ltr'>ad</span> <span class='ocrx_word' id='word_1_257' title='bbox 535 2322 717 2386; x_wconf 81' lang='lat' dir='ltr'>consanguineos</span> <span class='ocrx_word' id='word_1_258' title='bbox 735 2323 787 2374; x_wconf 84' lang='lat' dir='ltr'>viri.</span> <span class='ocrx_word' id='word_1_259' title='bbox 802 2324 852 2374; x_wconf 91' lang='lat' dir='ltr'>Non</span> <span class='ocrx_word' id='word_1_260' title='bbox 872 2327 956 2378; x_wconf 71' lang='lat' dir='ltr'>manen</span> 
     </span>
     <span class='ocr_line' id='line_1_31' title="bbox 145 2392 955 2458; baseline 0.005 -14"><span class='ocrx_word' id='word_1_261' title='bbox 145 2393 215 2444; x_wconf 90' lang='lat' dir='ltr'>debet</span> <span class='ocrx_word' id='word_1_262' title='bbox 229 2393 275 2444; x_wconf 89' lang='lat' dir='ltr'>diui</span> <span class='ocrx_word' id='word_1_263' title='bbox 293 2392 401 2458; x_wconf 79' lang='lat' dir='ltr'>siduitas,</span> <span class='ocrx_word' id='word_1_264' title='bbox 412 2395 453 2444; x_wconf 89' lang='lat' dir='ltr'>sed</span> <span class='ocrx_word' id='word_1_265' title='bbox 466 2393 652 2456; x_wconf 81' lang='lat' dir='ltr'>matrimonium,</span> <span class='ocrx_word' id='word_1_266' title='bbox 666 2395 725 2458; x_wconf 87' lang='lat' dir='ltr'>quod</span> <span class='ocrx_word' id='word_1_267' title='bbox 743 2398 779 2446; x_wconf 87' lang='lat' dir='ltr'>est</span> <span class='ocrx_word' id='word_1_268' title='bbox 794 2394 871 2446; x_wconf 85' lang='lat' dir='ltr'>unitas</span> <span class='ocrx_word' id='word_1_269' title='bbox 887 2409 955 2458; x_wconf 79' lang='lat' dir='ltr'>quao-</span> 
     </span>
     <span class='ocr_line' id='line_1_32' title="bbox 145 2464 954 2532; baseline 0.006 -16"><span class='ocrx_word' id='word_1_270' title='bbox 145 2464 214 2528; x_wconf 86' lang='lat' dir='ltr'>dam,</span> <span class='ocrx_word' id='word_1_271' title='bbox 230 2465 292 2516; x_wconf 87' lang='lat' dir='ltr'>siout</span> <span class='ocrx_word' id='word_1_272' title='bbox 304 2467 373 2517; x_wconf 84' lang='lat' dir='ltr'>donno</span> <span class='ocrx_word' id='word_1_273' title='bbox 389 2470 425 2516; x_wconf 87' lang='lat' dir='ltr'>est</span> <span class='ocrx_word' id='word_1_274' title='bbox 441 2465 485 2518; x_wconf 85' lang='lat' dir='ltr'>siti</span> <span class='ocrx_word' id='word_1_275' title='bbox 504 2465 550 2530; x_wconf 88' lang='lat' dir='ltr'>ipsi</span> <span class='ocrx_word' id='word_1_276' title='bbox 566 2466 641 2530; x_wconf 88' lang='lat' dir='ltr'>idern,</span> <span class='ocrx_word' id='word_1_277' title='bbox 656 2479 703 2519; x_wconf 90' lang='lat' dir='ltr'>non</span> <span class='ocrx_word' id='word_1_278' title='bbox 721 2469 797 2520; x_wconf 85' lang='lat' dir='ltr'>autem</span> <span class='ocrx_word' id='word_1_279' title='bbox 811 2467 954 2532; x_wconf 64' lang='lat' dir='ltr'>mosanari-</span> 
     </span>
     <span class='ocr_line' id='line_1_33' title="bbox 146 2547 217 2588; baseline -0.028 0"><span class='ocrx_word' id='word_1_280' title='bbox 146 2547 217 2588; x_wconf 82' lang='lat' dir='ltr'>naus.</span> 
     </span>
    </p>

    <p class='ocr_par' dir='ltr' id='par_1_7' title="bbox 144 2607 955 2960">
     <span class='ocr_line' id='line_1_34' title="bbox 178 2607 955 2673; baseline 0.008 -17"><span class='ocrx_word' id='word_1_281' title='bbox 178 2607 213 2656; x_wconf 86' lang='lat' dir='ltr'>Ad</span> <span class='ocrx_word' id='word_1_282' title='bbox 225 2609 351 2658; x_wconf 85' lang='lat' dir='ltr'>secundun</span> <span class='ocrx_word' id='word_1_283' title='bbox 370 2609 503 2672; x_wconf 84' lang='lat' dir='ltr'>dicendum,</span> <span class='ocrx_word' id='word_1_284' title='bbox 515 2608 577 2672; x_wconf 86' lang='lat' dir='ltr'>qudd</span> <span class='ocrx_word' id='word_1_285' title='bbox 590 2610 754 2673; x_wconf 79' lang='lat' dir='ltr'>mnsanguinei</span> <span class='ocrx_word' id='word_1_286' title='bbox 769 2613 822 2662; x_wconf 88' lang='lat' dir='ltr'>sunt</span> <span class='ocrx_word' id='word_1_287' title='bbox 840 2609 955 2672; x_wconf 85' lang='lat' dir='ltr'>quodam·</span> 
     </span>
     <span class='ocr_line' id='line_1_35' title="bbox 147 2679 955 2745; baseline 0.002 -15"><span class='ocrx_word' id='word_1_288' title='bbox 147 2679 215 2730; x_wconf 88' lang='lat' dir='ltr'>nodo</span> <span class='ocrx_word' id='word_1_289' title='bbox 235 2680 348 2744; x_wconf 83' lang='lat' dir='ltr'>separati,</span> <span class='ocrx_word' id='word_1_290' title='bbox 371 2687 395 2734; x_wconf 88' lang='lat' dir='ltr'>et</span> <span class='ocrx_word' id='word_1_291' title='bbox 408 2681 573 2745; x_wconf 88' lang='lat' dir='ltr'>quodammodo</span> <span class='ocrx_word' id='word_1_292' title='bbox 596 2680 725 2744; x_wconf 62' lang='lat' dir='ltr'>conjunctu</span> <span class='ocrx_word' id='word_1_293' title='bbox 751 2685 775 2732; x_wconf 88' lang='lat' dir='ltr'>et</span> <span class='ocrx_word' id='word_1_294' title='bbox 793 2681 880 2732; x_wconf 81' lang='lat' dir='ltr'>radone</span> <span class='ocrx_word' id='word_1_295' title='bbox 896 2693 955 2734; x_wconf 89' lang='lat' dir='ltr'>oon-</span> 
     </span>
     <span class='ocr_line' id='line_1_36' title="bbox 144 2747 954 2816; baseline 0.01 -20"><span class='ocrx_word' id='word_1_296' title='bbox 144 2747 273 2810; x_wconf 79' lang='lat' dir='ltr'>junctionis</span> <span class='ocrx_word' id='word_1_297' title='bbox 288 2751 371 2801; x_wconf 88' lang='lat' dir='ltr'>accidit</span> <span class='ocrx_word' id='word_1_298' title='bbox 390 2752 451 2814; x_wconf 90' lang='lat' dir='ltr'>qudd</span> <span class='ocrx_word' id='word_1_299' title='bbox 465 2765 562 2816; x_wconf 85' lang='lat' dir='ltr'>persona</span> <span class='ocrx_word' id='word_1_300' title='bbox 580 2765 631 2814; x_wconf 86' lang='lat' dir='ltr'>quae</span> <span class='ocrx_word' id='word_1_301' title='bbox 651 2751 692 2801; x_wconf 93' lang='lat' dir='ltr'>uni</span> <span class='ocrx_word' id='word_1_302' title='bbox 709 2753 863 2814; x_wconf 81' lang='lat' dir='ltr'>conjungitur,</span> <span class='ocrx_word' id='word_1_303' title='bbox 875 2751 954 2816; x_wconf 85' lang='lat' dir='ltr'>aliquo</span> 
     </span>
     <span class='ocr_line' id='line_1_37' title="bbox 148 2817 954 2886; baseline 0.002 -15"><span class='ocrx_word' id='word_1_304' title='bbox 148 2818 215 2871; x_wconf 84' lang='lat' dir='ltr'>modo</span> <span class='ocrx_word' id='word_1_305' title='bbox 226 2817 333 2870; x_wconf 86' lang='lat' dir='ltr'>omnibns</span> <span class='ocrx_word' id='word_1_306' title='bbox 345 2823 509 2886; x_wconf 65' lang='lat' dir='ltr'>,conjungatur</span> <span class='ocrx_word' id='word_1_307' title='bbox 526 2821 572 2874; x_wconf 86' lang='lat' dir='ltr'>Sed</span> <span class='ocrx_word' id='word_1_308' title='bbox 585 2825 677 2886; x_wconf 87' lang='lat' dir='ltr'>propter</span> <span class='ocrx_word' id='word_1_309' title='bbox 687 2823 854 2886; x_wconf 85' lang='lat' dir='ltr'>separationem</span> <span class='ocrx_word' id='word_1_310' title='bbox 867 2825 891 2873; x_wconf 90' lang='lat' dir='ltr'>at</span> <span class='ocrx_word' id='word_1_311' title='bbox 904 2821 954 2873; x_wconf 88' lang='lat' dir='ltr'>dis-</span> 
     </span>
     <span class='ocr_line' id='line_1_38' title="bbox 148 2890 952 2960; baseline 0.01 -20"><span class='ocrx_word' id='word_1_312' title='bbox 148 2890 246 2941; x_wconf 87' lang='lat' dir='ltr'>tantiam</span> <span class='ocrx_word' id='word_1_313' title='bbox 260 2891 342 2942; x_wconf 88' lang='lat' dir='ltr'>accidit</span> <span class='ocrx_word' id='word_1_314' title='bbox 357 2893 417 2955; x_wconf 90' lang='lat' dir='ltr'>qudd</span> <span class='ocrx_word' id='word_1_315' title='bbox 431 2907 590 2959; x_wconf 79' lang='lat' dir='ltr'>personaque</span> <span class='ocrx_word' id='word_1_316' title='bbox 604 2893 646 2945; x_wconf 91' lang='lat' dir='ltr'>uni</span> <span class='ocrx_word' id='word_1_317' title='bbox 658 2894 804 2960; x_wconf 70' lang='lat' dir='ltr'>conjungitur</span> <span class='ocrx_word' id='word_1_318' title='bbox 817 2909 862 2947; x_wconf 92' lang='lat' dir='ltr'>uno</span> <span class='ocrx_word' id='word_1_319' title='bbox 872 2896 952 2960; x_wconf 81' lang='lat' dir='ltr'>modu,</span> 
     </span>
    </p>
   </div>
   <div class='ocr_carea' id='block_1_6' title="bbox 0 0 1025 3304">
    <p class='ocr_par' dir='ltr' id='par_1_8' title="bbox 0 0 1025 3304">
     <span class='ocr_line' id='line_1_39' title="bbox 0 0 1025 3304; baseline 0 0"><span class='ocrx_word' id='word_1_320' title='bbox 0 0 1025 3304; x_wconf 95' lang='lat' dir='ltr'> </span> 
     </span>
    </p>
   </div>
  </div>
 </body>
</html>
