1954 3314
172 173 205 211 DE
220 169 400 212 coburrioltlbllt
415 169 542 210 CORPORUU
557 170 729 212 mmmm«
805 169 850 217 589

33 251 97 298 cunt
112 246 187 311 qnbt
201 249 280 308 autbur
292 247 333 311 qui
344 250 447 297 nolumus
460 245 575 308 condidit,
588 246 613 297 iu
626 249 787 300 resurrectione
801 261 847 301 na·

33 321 120 367 turam
138 318 246 382 corporis
258 316 344 382 integre
361 315 483 381 reparabit.
499 317 563 368 llnde
577 317 685 381 quicquid
698 319 801 370 deiectus
811 319 848 370 rel

33 387 208 452 turpitudinis
223 401 251 438 ex
265 387 409 452 corruptione
422 386 459 438 rol
470 387 585 438 debilitate
597 391 684 440 nature
700 388 750 439 sive
762 389 847 454 priuci-

32 457 142 520 piorum
156 458 292 508 naturalium
305 459 430 520 incorpore
442 457 500 518 tuit,
509 461 580 507 tolum
594 458 619 508 in
634 460 796 510 resurrectione
810 471 848 510 re·

35 529 197 591 movebitur,
208 529 267 580 ment
279 529 360 591 labris,
371 528 496 592 lippitudo,
510 531 534 578 et
543 527 634 580 similia.
649 531 755 582 Deiectus
771 536 848 583 autern

35 598 83 662 qni
105 611 144 648 ex
162 597 301 649 naturalibus
318 597 438 662 principiis
455 599 480 647 in
496 599 596 648 bumauo
608 611 702 663 corpore
718 601 849 654 naturaliter

36 673 238 732 consequentum
254 669 313 719 sicut
328 667 497 732 ponderositas,
513 667 666 732 passibilitas,
679 673 703 720 ct
715 671 808 734 similia,
823 672 848 722 iu

36 739 191 802 corporibus
212 739 365 790 damnatorum
383 741 464 802 eruut;
480 750 538 800 quos
555 739 656 790 deiectus
676 740 705 790 ab
726 742 848 793 electorum

38 809 191 873 corporibus
204 810 274 872 gloria
288 810 458 861 resurrectionis
469 810 579 861 excludet.

77 881 119 929 Ad
134 879 234 943 primum
243 891 297 942 ergo
305 881 434 940 dicendum,
444 879 504 942 quon
517 879 568 929 cim
578 893 644 944 perna
655 880 678 931 iu
688 884 787 946 quolibet
799 886 849 937 toro

39 949 176 1013 infligatur
189 950 311 1000 secuudum
325 951 475 1000 conditionem
485 948 547 1000 illins
558 950 610 1010 lori,
621 963 693 1015 prone
706 967 758 1016 one
769 954 793 1004 iu
805 957 849 1008 bac

42 1020 98 1069 uita
113 1020 236 1084 temporali
248 1019 379 1082 infliguntur
389 1019 515 1082 proaliquo
530 1023 632 1084 peccato,
643 1025 778 1085 temporales
786 1030 848 1087 suut,

42 1093 72 1139 et
93 1091 161 1141 ultra
173 1091 227 1141 ritae
242 1091 362 1141 terminum
376 1102 422 1140 uon
440 1101 465 1140 se
482 1089 615 1140 extendunt.
624 1090 655 1140 Et
667 1091 731 1152 ideo,
745 1097 848 1156 quamuis

42 1166 179 1225 peceatum
200 1160 294 1212 nonsit
316 1160 437 1211 remissurn
460 1159 585 1220 damnatis,
599 1173 645 1211 uon
664 1163 740 1212 umen
761 1169 849 1226 oportet

44 1231 118 1296 qnbd
135 1232 228 1283 easdem
243 1244 322 1294 peenas
336 1231 368 1280 ibi
381 1230 522 1290 sustineant,
533 1243 591 1292 quas
604 1231 627 1278 iu
643 1231 686 1280 boc
701 1235 784 1282 mundo
796 1242 849 1285 suot

43 1304 135 1366 passi3
149 1302 191 1353 sed
207 1303 282 1353 diviua
293 1301 382 1366 justitia
396 1299 489 1364 requirit
501 1303 527 1350 ut
537 1300 569 1350 ibi
581 1300 657 1364 paenis
671 1303 848 1362 grauioribusin

44 1376 170 1425 aternum
179 1373 314 1424 cmcieutur.

82 1445 122 1494 Ad
132 1443 258 1493 mennatum
267 1443 386 1493 dicendum
394 1479 400 1502 ,
408 1440 469 1505 subd
482 1445 572 1492 nonest
583 1440 663 1492 siuills
675 1441 732 1492 ratio
743 1443 771 1494 de
783 1443 849 1495 bouis

45 1517 75 1564 et
90 1513 177 1576 malis3
193 1526 221 1564 eo
230 1513 289 1577 qubrl
299 1513 384 1577 anuum
398 1516 533 1576 potestesse
544 1512 762 1576 purbbonumfuou
774 1519 848 1566 auteur

45 1584 113 1648 pure
127 1585 223 1634 malum.
237 1585 300 1634 Unde
315 1587 448 1634 sauctorum
460 1583 539 1633 ultima
551 1582 649 1632 felicitas
662 1583 705 1632 boc
718 1583 813 1646 requirit
824 1591 848 1636 ut

48 1657 81 1706 ab
92 1655 162 1707 omui
175 1654 234 1706 malo
244 1656 337 1718 penitus
346 1659 392 1705 siut
401 1655 529 1716 immunes3
544 1653 584 1702 sed
596 1652 676 1702 ultima
687 1653 795 1704 mulorum
806 1655 848 1705 mi-

48 1727 116 1777 seria
131 1737 179 1776 uon
194 1725 295 1776 excludit
312 1737 379 1776 omne
392 1726 488 1788 bonum;
502 1723 554 1786 quia
575 1723 685 1772 umatum
704 1724 723 1772 si
736 1722 847 1786 integrum

50 1795 95 1858 sit,
110 1795 238 1858 corrumpit
255 1807 280 1845 se
289 1795 379 1859 mcum,
390 1809 404 1842 u
414 1798 440 1844 ut
452 1793 603 1856 Pbilosopbus
613 1792 669 1841 dicit
679 1793 702 1842 iu
716 1793 754 1842 lv.
764 1795 846 1844 Eitis.

50 1865 123 1918 buda
134 1869 225 1930 oportet
240 1865 300 1929 quiid
318 1865 415 1916 miserico
429 1865 585 1914 damnatorum
597 1861 752 1912 substernatur
765 1864 848 1915 bonum

50 1940 145 1988 uaturae
154 1936 179 1986 iu
192 1935 263 1998 ipsis;
278 1936 339 1998 quod
350 1939 385 1985 est
395 1946 453 1998 opus
463 1932 587 1984 conditoris
602 1931 709 1996 perlecti,
724 1933 762 1996 qui
775 1933 848 1997 ipsam

51 2010 163 2059 uatmam
178 2005 202 2055 in
215 2005 352 2068 perlectioue
365 2017 412 2056 sua
425 2002 511 2066 speciei
530 2003 648 2066 reparabit.

84 2078 121 2127 bd
143 2077 238 2126 tertium
252 2075 369 2126 dicendum
380 2112 387 2135 ,
400 2075 459 2137 qubd
471 2072 566 2124 tarditas
576 2078 613 2124 est
625 2075 653 2124 dc
667 2073 712 2126 illis
722 2073 850 2124 delentibus

51 2149 94 2213 qni
108 2145 244 2196 naturabter
260 2151 428 2209 cousequuumr
444 2144 554 2209 principia
567 2144 660 2194 bomani
673 2145 788 2208 eorporis3
803 2153 850 2195 nou

53 2220 134 2268 autem
152 2215 284 2266 determitas
298 2231 305 2262 r
320 2221 344 2265 et
355 2216 407 2266 ideo
419 2216 447 2265 de
456 2214 491 2264 eis
505 2227 552 2265 nou
567 2214 694 2265 estsimilis
709 2213 776 2264 ratio.

355 2392 513 2444 lablellills
529 2393 561 2442 ll.

128 2522 215 2567 Utrum
225 2527 322 2574 corpora
330 2517 497 2562 damnatorum
507 2517 577 2559 munt
584 2512 783 2570 incorruptibilia.

88 2649 123 2700 bd
137 2643 265 2698 secundnm
279 2641 312 2690 sio
320 2640 457 2704 proceditur.
467 2639 562 2690 Videtur
576 2637 638 2701 qrrbd
650 2651 744 2702 corpora
757 2640 850 2692 damua-

58 2725 131 2772 tornru
142 2705 210 2768 eruut
222 2707 464 2775 communicemus
476 2709 536 2760 euim
554 2708 702 2774 compositum
716 2722 745 2760 er
757 2715 851 2762 coutra-

58 2791 111 2853 riis,
126 2797 223 2838 necesse
241 2787 278 2833 est
299 2781 417 2845 eorrumpi.
435 2781 479 2831 Sed
498 2791 591 2844 corpora
608 2781 763 2831 damnatorum
782 2786 851 2832 errant

57 2873 86 2913 ex
99 2855 222 2912 contrariis
232 2849 356 2916 composita
363 2888 372 2915 ,
383 2865 412 2902 er
425 2849 506 2915 quibus
519 2851 588 2904 etiam
601 2862 662 2902 nunc
675 2857 848 2916 comminutum
