2026 3304
139 195 186 244 tto
286 205 487 256 cunctamina,
504 203 598 250 const.
614 201 663 254 ιιι,
680 203 736 244 aar.
755 207 790 243 nr.

139 281 193 333 duim
210 283 270 344 nm,
283 284 418 345 propatruus
439 283 476 330 eat
494 279 567 344 magis
581 279 762 344 consanguineas
785 280 853 333 alicui
872 281 947 347 quim

138 366 251 418 pronepos
262 353 312 416 ejus
322 391 328 414 ,
338 351 442 416 quamvis
454 351 500 401 sint
512 351 538 401 in
555 351 637 404 codam
655 353 734 416 gradu

170 425 203 475 tid
220 427 309 474 scutum
327 422 461 483 dicendum,
475 421 545 485 quod,
558 422 663 485 quamvis
676 427 741 486 pater
754 425 779 474 at
789 425 885 486 patruus
893 423 946 477 sini

138 494 162 544 iu
172 495 251 545 eodum
260 493 330 556 gradu
343 497 450 558 respectu
461 493 543 544 radicis
554 493 767 558 consanguinitatis,
775 493 829 558 quia
841 498 945 560 ntarqua

139 565 208 618 oistat
220 579 268 615 uuo
281 566 352 629 gradu
365 565 394 614 ab
414 577 472 629 aro,
487 569 564 616 nmen
577 569 682 630 respectu
695 567 746 629 cJ'us
759 565 825 628 cujus
842 577 948 618 coomn-

140 635 238 700 gninitas
250 637 367 700 quaritur,
379 649 425 687 non
436 639 491 687 sunt
503 635 529 686 iu
538 637 617 688 codem
632 638 711 701 gradu,
723 636 777 704 quia
792 640 859 703 pater
870 642 907 689 ost
920 638 951 690 in

140 705 213 772 primo
234 708 320 771 gradu,
340 709 435 771 patruus
461 711 537 758 autam
558 719 605 758 non
630 711 707 772 potest
726 719 776 760 assa
795 707 952 773 propinquior

140 777 209 841 quam
221 777 246 827 in
261 778 374 841 secundo,
393 779 417 830 in
431 791 477 842 qno
487 781 523 829 ast
536 791 602 829 arus.
1004 805 1005 810 κ

174 848 207 900 tto
228 850 350 912 septimum
371 851 504 910 dicandum,
527 850 587 914 quot
604 861 695 914 sempor
715 849 765 900 dom
787 861 893 914 persono
919 851 951 904 in
1004 851 1005 856 ’

142 921 225 983 aquali
238 935 332 972 numano
344 923 452 986 graduum
464 923 551 974 distant
562 922 576 972 ι
591 935 616 973 sc
630 921 744 985 ioricam,
752 921 857 986 quamvis
869 935 951 986 quan-
1004 925 1005 936 ¹

143 991 217 1055 doque
238 1005 284 1043 nou
301 993 382 1056 aquali
393 1005 488 1045 numero
502 993 610 1056 gunnam
627 991 741 1044 distenta
756 993 871 1044 communi
881 993 952 1058 prin·
1004 1021 1005 1026 κ

144 1062 204 1126 cipio
221 1066 247 1112 nt
257 1063 363 1116 ardictis
382 1067 454 1129 patet.

440 1242 602 1294 tnttcottts
617 1243 656 1293 ttt.

149 1369 235 1415 Utrum
244 1369 440 1427 consanguinitas
452 1371 547 1442 dejure
565 1370 675 1417 naturali
690 1369 807 1427 impediat
820 1369 952 1417 matrimo-

507 1445 590 1477 naum.

176 1562 211 1612 tu
227 1563 318 1612 tertium
337 1562 371 1612 sic
385 1559 524 1625 procuditur.
537 1560 631 1612 Videtur
643 1561 704 1625 quod
719 1561 951 1626 consanguinitatis

143 1631 196 1696 jaro
213 1632 311 1684 naturali
324 1646 370 1684 nott
384 1632 492 1698 impediat
508 1632 684 1683 matrimonium.
698 1632 764 1683 Nulla
783 1633 844 1684 cutim
863 1635 952 1686 mulier

144 1707 222 1767 potest
232 1717 283 1754 assa
296 1704 445 1768 propinquior
452 1705 510 1768 viro,
519 1704 587 1768 quam
601 1703 704 1756 Etatuit
719 1705 781 1768 toa,
792 1704 820 1754 dc
829 1701 874 1768 qua
888 1705 952 1758 dixit

147 1774 243 1830 Genea..
258 1777 296 1825 ll:
314 1777 384 1827 uitoc
394 1789 490 1828 nnncos
503 1790 533 1826 cx
542 1774 633 1827 ossium
648 1775 720 1838 meis,
734 1779 757 1825 at
773 1787 826 1825 caro
839 1777 950 1830 cucuma

144 1857 205 1894 mea.
220 1861 234 1894 a
250 1847 295 1895 Sed
308 1847 357 1896 Era
374 1846 418 1896 init
433 1845 577 1898 matrimonio
597 1846 719 1910 conjuncta
731 1847 793 1897 idac.
811 1847 871 1910 Ergo
885 1858 951 1898 con-

146 1915 288 1978 sanguinitas
304 1917 380 1984 nulla„
395 1918 505 1981 quantiam
520 1921 555 1969 cat
567 1917 654 1980 netega
663 1920 759 1982 natura,
774 1917 949 1970 matrimonium

142 1986 248 2050 impedit.

177 2061 200 2107 ι.
216 2060 344 2123 Fraterno,
358 2061 394 2112 lex
418 2060 528 2110 nataralia
548 2059 627 2110 cadant
652 2064 688 2111 ost
710 2060 770 2126 apud
790 2071 877 2112 omnes.
901 2060 951 2114 Sati

145 2129 207 2194 apud
220 2129 326 2182 turonas
340 2131 444 2182 nationos
458 2131 519 2182 nulla
532 2143 631 2197 porsona
644 2132 765 2196 conjuncta
785 2129 951 2195 consanguini-

145 2203 192 2252 tate
205 2199 219 2251 a
233 2202 376 2253 matrimonio
390 2203 527 2254 excluditur.
542 2204 602 2266 Ergo
618 2203 818 2266 consanguinitas,
832 2202 949 2266 qnantrim

144 2276 181 2325 ost
198 2273 388 2338 delegantium,
404 2273 573 2325 matrimonium
586 2287 633 2324 uon
644 2274 749 2338 impedit.
845 2279 850 2288 “

179 2349 201 2395 ι.
216 2347 339 2409 praterea,
355 2363 368 2394 n
375 2346 415 2411 jus
427 2346 530 2396 naturale
543 2351 579 2397 ast
591 2346 652 2410 quod
663 2354 744 2396 natura
753 2345 829 2396 omnia
838 2344 950 2398 animalia

145 2416 260 2480 docuit‚a
275 2422 301 2467 nt
313 2418 395 2468 dicitur
414 2417 438 2467 in
454 2417 569 2482 principio
586 2419 759 2484 Digestorum.
774 2417 819 2467 Sed
838 2416 951 2470 animatia

143 2487 213 2538 bruta
229 2489 298 2539 etiam
317 2504 367 2540 cnm
382 2493 453 2540 matre
464 2493 554 2540 cocunt.
570 2490 630 2554 Ergo
643 2503 690 2540 nnn
705 2492 740 2540 ast
753 2489 781 2540 de
794 2489 846 2552 laga
858 2492 949 2542 natura

145 2557 206 2621 cuod
221 2559 294 2622 aliqua
311 2573 406 2624 persona
426 2559 441 2612 a
459 2560 604 2612 matrimonio
616 2564 709 2625 proptor
724 2559 949 2624 cuumnguinimtom

142 2629 275 2693 reputatur.

177 2703 200 2749 t.
224 2701 348 2762 Praetcraa,
370 2703 428 2754 nihil
445 2702 543 2768 impedit
560 2703 746 2768 matrimonium,
758 2703 818 2768 quod
829 2715 876 2754 non
892 2714 950 2753 con-

143 2770 253 2822 trariatur
264 2770 334 2821 alicui
345 2774 404 2826 bono
420 2773 570 2826 matrimonii.
580 2775 625 2826 Sco
634 2775 820 2839 consanguinitas
831 2785 877 2826 noo
887 2785 950 2824 can-

144 2841 250 2892 tuariatnr
259 2842 326 2892 alicui
340 2845 399 2898 bono
409 2844 556 2897 matrimonii.
571 2845 631 2908 Ergo
643 2859 690 2897 nou
704 2845 800 2910 impedit
813 2846 897 2910 ipsum.

177 2917 202 2962 o.
215 2915 339 2980 Praetcrca,
353 2927 431 2967 corum
441 2930 492 2983 qua
511 2919 565 2968 sunt
584 2917 658 2982 magis
672 2917 801 2984 propinqua
816 2923 841 2968 ct
853 2915 949 2981 similia,
