2026 3304
116 155 792 205 ornrsrrnraarncnnrusnunnrrnrnonronrrrennrrr.
810 146 857 194 itit

60 245 147 296 derata
162 242 223 302 tini,
242 236 412 290 matrimonium
428 235 488 300 quod
502 235 574 286 tendit
586 233 611 284 in
623 234 720 298 primam
736 232 857 297 perfectio·

61 329 122 376 rem,
133 317 172 366 eat
184 309 345 376 imperfectum
356 311 380 358 et
393 305 509 357 materiale
522 309 624 369 respoctn
637 304 700 356 iilius
710 304 771 368 quod
786 304 859 354 tendit

18 447 21 454 ¹
60 383 261 450 inperfectionem
279 377 411 430 secundnm.
424 377 452 426 itt
463 376 518 440 quia
531 376 640 440 perfectio
648 375 721 440 prima
731 375 862 426 communis

60 469 107 506 esse
119 457 200 519 potest
214 449 342 502 infidelibus
357 451 381 498 at
394 445 497 497 tidelibus
507 484 514 508 ‚
523 446 620 497 seouoda
633 449 708 496 nutem
720 443 807 495 tantini
823 448 859 495 est

59 525 199 587 infidelium,
209 522 261 573 ideo
277 520 338 570 inter
351 517 454 568 infideles
467 516 607 580 estquidam
619 515 802 576 matrimonium,
819 516 860 565 ned

60 611 103 649 uon
115 595 246 662 perfectum
261 591 342 642 ultima
355 588 512 653 perfectione,
536 587 593 637 siout
609 591 645 636 est
663 585 722 637 inter
739 585 826 636 fideles.

88 669 121 718 td
132 666 234 731 primum
245 675 299 726 ergo
311 660 445 721 dicendum,
459 657 521 722 quod
535 656 704 708 matrimonium
716 670 762 708 non
771 654 859 706 tantdm

17 755 19 770 ’
59 745 92 791 nst
108 739 244 790 institutum
258 734 282 783 in
296 734 458 784 sacramentnm
467 767 475 793 ‚
485 729 525 780 sed
535 729 602 779 etiam
614 729 637 778 iu
650 726 751 779 oiiicium
762 731 859 778 natura.

60 814 86 862 lit
104 811 176 871 ideo,
190 804 293 871 quamvis
304 801 433 853 infidelibus
451 813 496 852 non
508 802 621 863 competat
639 798 807 850 matrimonium
818 810 859 848 se-

59 881 160 934 cundiano
173 877 235 944 qudd
249 880 285 926 cst
299 877 478 932 sacramentum,
490 871 514 920 in
526 869 693 934 dispensatione
707 868 860 920 ministrorum

59 951 170 1005 Ecclesia
189 949 336 1010 consistens,
353 943 461 1007 competit
477 946 554 992 tamen
573 940 606 990 eis
619 940 643 989 in
663 944 772 1003 quantum
790 942 825 990 est
837 939 861 988 in

60 1025 164 1078 officium
183 1023 282 1082 nataro3
296 1021 320 1068 et
334 1021 410 1066 tamen
423 1013 492 1064 etiam
507 1011 676 1062 matrimonium
684 1011 728 1061 tate
737 1015 774 1062 eet
787 1009 862 1074 eiquo

59 1097 126 1149 modo
146 1095 327 1152 sacramentum,
341 1085 497 1147 habitualiter,
508 1083 613 1147 quamvis
628 1095 673 1134 uon
693 1081 820 1145 actualiter,
834 1093 863 1133 eo

60 1170 119 1236 quod
136 1171 193 1218 actu
205 1176 252 1214 non
261 1160 399 1212 contrahunt
412 1157 437 1206 in
451 1155 496 1206 tide
509 1154 628 1205 Ecclesia.

90 1241 126 1292 ad
140 1235 268 1289 secundom
287 1231 419 1290 dicendum,
433 1226 493 1291 quod
508 1225 629 1290 disparitas
643 1223 718 1274 cultris
730 1237 777 1274 non
789 1224 864 1288 impa-

61 1315 93 1365 dit
109 1305 284 1364 matrimonium
298 1301 385 1353 ratione
396 1296 547 1360 infidelitatis,
566 1297 606 1347 sed
623 1295 712 1346 ratione
723 1294 865 1358 disparitatis

62 1387 84 1436 in
100 1384 156 1434 fide.
172 1376 298 1441 ttisparitas
316 1372 376 1424 eninr
397 1369 476 1421 ouitds
488 1381 535 1420 non
550 1365 624 1419 solium
638 1367 762 1418 secundam
776 1365 866 1429 periec-

17 1507 18 1512 ,
61 1457 151 1508 tionem
173 1447 246 1514 prolis
258 1445 370 1510 impedit,
385 1443 422 1494 sed
440 1440 509 1492 etiarn
524 1439 638 1505 primam,
656 1437 710 1488 dum
719 1438 824 1500 parentes
837 1434 865 1484 ad

63 1526 155 1578 diuersa
167 1519 256 1585 prolem
270 1517 360 1567 trahere
370 1512 508 1574 intendunt3
518 1510 580 1576 quod
594 1521 641 1560 nou
651 1511 685 1560 est
699 1506 790 1572 qnando
804 1507 866 1556 utor-

64 1611 107 1663 oue
126 1597 164 1646 ost
177 1589 285 1642 infidelis.

17 1725 18 1738 p
95 1669 129 1718 id
149 1663 244 1716 tertium
264 1659 402 1720 dioeudum,
419 1655 480 1721 quod
497 1655 556 1704 inter
578 1651 682 1702 iniideies
699 1653 735 1700 cst
748 1647 869 1700 matrina

66 1741 138 1802 mum,
153 1741 181 1788 ut
194 1733 279 1784 dicturo
294 1735 340 1792 est,
356 1732 423 1794 prout
433 1724 603 1778 matrimonium
616 1726 652 1773 est
670 1721 694 1772 in
711 1718 810 1772 oidcium
823 1732 867 1770 na-

17 1839 18 1848 *
65 1818 130 1866 ture.
147 1811 181 1862 Ea
197 1811 274 1858 autem
285 1816 334 1867 qrrae
346 1801 463 1866 partirent
476 1798 503 1849 ad
517 1798 592 1860 tegern
605 1797 706 1856 natura,
722 1795 777 1843 snut
793 1790 869 1841 detor·

17 1947 18 1952 Ἰ
67 1881 187 1935 mirabilia
208 1892 249 1943 per
263 1875 303 1940 jus
321 1872 454 1938 positivum.
476 1870 506 1920 iit
520 1868 588 1929 ideo,
603 1866 624 1918 si
643 1865 774 1930 prohibetur
793 1863 868 1927 atiquo

17 1957 18 1966 ’
65 1958 115 2020 jnre
128 1951 249 2020 positivo,
270 1948 328 2011 apud
349 1944 471 2007 infideles,
484 1941 618 1992 contrahere
633 1935 800 1988 matrimonium
815 1949 867 1985 cum

66 2025 200 2078 infidelibus
217 2019 309 2072 atterius
324 2015 398 2080 riuis,
411 2013 533 2078 disparitas
547 2009 621 2062 coitus
633 2009 694 2074 apud
708 2021 746 2060 eos
762 2006 870 2071 impediet

67 2094 256 2152 matrimoniuma
271 2104 300 2142 er
311 2093 362 2153 tare
377 2091 455 2138 tamen
475 2083 553 2136 diuino
571 2095 616 2134 non
635 2081 799 2146 prohibentur,
815 2077 871 2140 quia

68 2171 129 2236 apud
145 2169 220 2218 iteum
239 2176 286 2214 non
300 2160 374 2212 ditiert
386 2157 580 2224 qualitercumque
595 2151 678 2218 aliquis
691 2150 705 2202 t
718 2151 761 2200 fide
776 2149 853 2198 deviat
860 2181 870 2208 ,

68 2239 182 2308 quantiam
193 2238 220 2289 ad
231 2237 276 2286 hor
286 2233 345 2299 qnod
358 2235 394 2284 est
407 2228 421 2280 a
435 2226 506 2292 gratia
517 2225 616 2276 alionum
634 2237 700 2282 ossea
715 2219 819 2272 similiter
828 2230 872 2268 nec

68 2315 146 2380 aliquo
160 2307 268 2360 Ecclesia
282 2307 382 2367 statuto,
395 2313 446 2366 qua
460 2297 586 2350 nonhabet
600 2296 628 2347 de
638 2295 675 2345 his
689 2306 739 2357 quas
753 2289 807 2342 ioris
818 2291 874 2340 sant

17 2391 18 2402 ¹
67 2386 184 2450 iudicare.

17 2459 18 2464 ’
101 2457 138 2508 tid
152 2456 258 2521 quartuor
269 2449 405 2511 dicendam,
420 2445 481 2510 quod
494 2443 602 2509 pudicitia
616 2443 639 2490 et
652 2437 702 2488 aliae
713 2434 809 2484 virtutes
822 2432 874 2483 inti-

17 2517 18 2528 *
71 2529 160 2581 delium
174 2525 279 2576 dicuntur
295 2532 342 2571 non
360 2531 411 2571 esse
430 2529 505 2576 vera,
520 2514 632 2579 quianon
652 2509 750 2572 possunt
764 2503 876 2568 attingere

70 2601 141 2651 inem
157 2608 217 2647 uera
230 2593 334 2656 virtutis,
356 2589 395 2656 qui
408 2590 445 2639 est
458 2599 511 2638 rara
530 2583 639 2642 felicitas;
659 2579 716 2629 siout
735 2576 817 2626 dicitur
829 2587 876 2626 non

17 2689 18 2692 ¹
71 2684 126 2722 esse
140 2681 220 2719 verum
236 2665 313 2714 vinam
327 2662 386 2728 quod
399 2673 445 2710 non
458 2658 528 2708 hahet
541 2647 717 2714 edoctumtini.

106 2741 141 2792 ,id
155 2739 259 2806 quintum
277 2736 414 2794 dicendum,
430 2730 489 2794 quod
510 2725 608 2778 intideiis
629 2733 769 2786 cognoscens
784 2729 883 2768 uroroor

73 2825 152 2875 suam,
167 2825 213 2864 non
225 2811 320 2875 peccat,
336 2805 356 2856 si
365 2807 458 2870 propter
469 2803 554 2854 honoro
566 2796 645 2862 protis,
664 2796 703 2844 aut
718 2789 770 2843 tidei
788 2799 833 2850 qua
844 2789 878 2836 te-

75 2890 162 2946 netur,
176 2881 242 2933 orori
254 2879 353 2932 debitam
371 2877 463 2938 reddat,
479 2872 530 2924 cim
548 2871 592 2918 troc
604 2868 632 2916 sit
646 2869 709 2915 aotrrs
727 2859 838 2926 justitie,
855 2859 879 2904 et
