2026 3304
241 145 273 184 os
289 145 449 185 immmenso
465 145 640 200 resarcimus,
658 143 711 188 sic.
830 139 876 188 tot

70 222 96 274 iu
109 221 222 274 murinus
237 237 251 269 n
266 223 299 273 id
312 224 357 272 hoc
370 226 444 273 autem
459 225 655 287 cognoscendum,
670 223 744 274 ntrdm
761 223 792 275 sit
802 223 876 290 impe·

73 296 201 345 otmenmn
211 293 606 358 perpetuumretnonperpstuum,
620 295 720 346 Ecclesia
728 300 821 360 tempus
835 297 875 347 de·

20 395 22 404 ι
71 366 221 416 terminatum
231 365 381 427 adtribuitpiu
398 365 713 430 qoohojusreipctestesse
730 367 875 430 experimen-

68 443 136 498 tum,
149 435 239 486 scilicet
251 435 382 486 triennium.
396 435 461 494 Qodd
476 436 496 486 si
510 441 562 500 post
573 437 709 500 triennium,
725 437 750 488 iu
762 449 808 501 quo
821 436 876 488 flde-

69 509 124 558 titer
144 519 173 557 ex
192 511 288 570 utreque
306 511 371 570 parte
389 507 501 558 dederunt
517 521 609 572 operam
629 508 714 558 carneti
729 509 816 572 copula
831 509 875 558 im·

69 577 321 640 predicamentum
338 577 507 628 matrimonium
532 591 577 627 uon
601 591 652 628 esse
673 583 874 640 consummatum,

67 648 159 712 judicio
174 647 281 698 Ecclesiae
301 647 439 698 dissolvitur.
454 649 483 698 Et
500 653 578 698 tamen
591 649 615 698 in
628 650 671 698 hoc
681 651 819 713 quaudoque
832 651 876 699 Eo·

70 719 143 770 ciesia
160 723 234 778 errat,
248 719 301 782 quie
319 731 362 782 per
379 719 503 770 triennium
520 721 655 784 quandoque
674 733 718 771 non
736 721 875 772 sufficienter

19 769 20 838 i
70 789 172 856 experiri
185 794 261 853 potest
273 789 414 854 perpetuitas
434 789 584 853 impotentior.
600 791 663 840 tlnde
679 791 778 840 ficctesia
792 829 799 853 ,
814 793 834 840 si
849 803 874 841 sc

19 867 20 892 ³
71 863 194 925 deceptam
207 860 322 922 inveniat,
336 873 377 924 per
391 863 434 912 troc
443 862 501 924 quid
519 862 558 911 itte
571 862 594 910 iu
606 875 651 926 quo
663 869 713 912 eret
723 861 874 925 impedimen·

19 963 20 970 κ
69 937 138 993 tum,
152 932 270 982 inuenitur
285 932 398 982 carnalem
417 933 522 996 copulam
544 945 595 982 cum
613 932 656 982 alia
672 933 708 982 ret
728 946 780 982 cum
794 933 874 983 eadem

69 1003 210 1070 perfecisse,
226 1002 347 1066 reintegrat
360 1002 528 1052 matrimonium
538 1005 683 1066 praecedens,
697 1007 720 1054 et
735 1003 821 1054 dirimit
833 1015 874 1054 se-

69 1075 184 1137 condum,
199 1072 303 1137 quamvis
316 1074 344 1123 dc
357 1073 410 1136 ejus
421 1073 513 1124 licentia
524 1073 554 1123 sit
565 1073 662 1124 factum.

103 1147 139 1196 nd
149 1144 248 1208 primum
267 1155 322 1206 erqo
334 1141 472 1203 dicendum,
486 1143 562 1206 qudi,
577 1145 683 1206 quamuis
700 1147 764 1194 actos
778 1143 876 1195 carnatis

69 1215 160 1280 copule
172 1227 219 1264 nou
238 1213 269 1264 sit
278 1215 305 1264 de
317 1213 417 1265 essentia
429 1215 579 1276 matrimonii,
589 1219 666 1264 mmen
680 1215 784 1279 potentie
799 1217 826 1264 ad
838 1227 875 1265 ac-

70 1291 121 1337 tum
135 1285 210 1336 estde
220 1283 380 1350 ejusessentia
390 1321 397 1346 ‚
406 1284 458 1351 quia
468 1297 510 1348 per
525 1284 693 1334 matrimonium
706 1285 771 1334 datur
783 1286 874 1349 utrique

68 1357 198 1421 conjugum
218 1357 320 1418 potesms
340 1353 365 1403 iu
379 1367 462 1418 eorpus
478 1355 572 1405 atterius
589 1359 695 1418 respectu
714 1353 813 1403 carnalis
832 1369 875 1406 eo-

68 1429 141 1493 pntae.
204 1451 207 1460 ·
845 1415 858 1434 ”

17 1545 18 1552 ,
103 1498 426 1560 numerusnumerous,
446 1497 505 1562 qudd
522 1497 624 1548 cutidites
643 1499 757 1561 superflua
771 1498 809 1545 vix
828 1510 876 1562 po*

71 1573 118 1622 test
136 1583 188 1620 esse
211 1569 398 1632 impedimentum
419 1574 565 1634 perpetuum.
586 1569 611 1618 si
632 1576 707 1618 iernen
732 1568 874 1619 inveniretur

16 1679 17 1689 ,
71 1642 131 1705 qudd
146 1655 189 1706 per
203 1641 324 1692 triennium
339 1641 458 1704 impediret
472 1642 584 1690 carnatem
600 1641 719 1703 copulam,
733 1640 876 1702 iudicaretur

16 1713 17 1772 i
71 1716 218 1776 perpetuom.
233 1711 333 1775 femen,
346 1713 399 1774 quia
412 1711 525 1774 frigiditas
548 1709 621 1773 nugis
633 1713 657 1760 et
669 1707 810 1773 frequentiis
826 1711 875 1761 im-

72 1784 136 1848 pedit
148 1783 225 1848 (tottii
241 1782 301 1832 enim
320 1795 367 1834 uon
390 1782 465 1834 sotium
486 1781 671 1832 commixtionem
693 1780 820 1844 seminum,
835 1783 875 1834 scd

72 1857 140 1907 etiam
160 1855 263 1917 rigorem
283 1855 509 1918 sponsionumque
526 1853 551 1902 fit
571 1852 703 1914 coniunctio
723 1853 872 1918 corporum),

71 1926 123 1978 ideo
137 1925 252 1989 frigiditas
266 1923 337 1988 magis
354 1925 391 1974 irfc
405 1926 498 1989 ponitur
509 1924 697 1987 impedimentum
709 1925 777 1988 quim
791 1925 874 1975 cutidi-

73 2002 122 2059 tes,
137 1997 189 2048 crim
204 1995 278 2046 omnis
292 1996 396 2046 defectus
412 1995 520 2046 naturalis
533 1996 562 2046 ad
583 1995 729 2060 frigiditatem
743 1996 872 2046 reducetur.

106 2070 137 2119 nd
150 2067 243 2118 tertium
256 2067 385 2129 dicendum,
400 2067 461 2130 qudd
474 2079 555 2128 senes,
564 2066 670 2130 quamuis
681 2067 816 2130 quaudoque
826 2077 873 2116 non

73 2139 172 2190 damant
181 2137 319 2188 caliditatem
329 2137 477 2188 sufficientem
487 2139 516 2188 ed
525 2137 677 2200 generandum
686 2173 692 2196 ‚
700 2141 779 2186 tamen
789 2136 873 2186 hebent

73 2209 212 2260 caliditatem
225 2209 374 2258 sufficientem
389 2209 417 2258 ad
427 2209 541 2258 carnatem
555 2208 668 2272 copulam.
679 2209 708 2256 tit
726 2207 779 2257 ideo
793 2217 874 2256 concc-

16 2287 19 2308 '
74 2281 136 2331 ditur
159 2280 194 2330 eis
214 2279 380 2330 matrimonium
398 2279 525 2330 secundum
547 2280 607 2343 qudd
630 2283 665 2329 est
690 2279 714 2327 in
735 2275 874 2337 remedium,

72 2351 179 2416 quamvis
196 2363 242 2402 non
256 2355 367 2416 competat
383 2352 418 2402 eis
431 2349 554 2402 secuudirm
570 2349 629 2415 qudd
640 2353 675 2400 est
689 2349 712 2398 in
723 2347 822 2398 officium
834 2359 874 2397 na·

75 2429 140 2474 tore.

106 2495 139 2545 nd
154 2498 259 2557 quartum
273 2493 477 2559 dicendum,qudd
484 2495 509 2544 iu
518 2493 619 2557 quotibet
634 2494 750 2541 contractu
765 2492 808 2540 troc
825 2488 876 2541 uni-

75 2567 196 2617 uersaliter
209 2570 314 2628 tenetur,
329 2566 388 2628 qudd
401 2565 439 2617 itte
456 2565 495 2630 qui
514 2569 550 2616 est
562 2565 676 2628 impotens
693 2563 721 2613 ad
740 2563 873 2613 soluendum

76 2637 175 2702 aliquid,
189 2650 235 2688 non
253 2643 370 2702 reputator
390 2637 487 2688 idoneus
504 2639 531 2686 ad
546 2639 686 2685 contractum
706 2635 769 2684 ittum
784 2633 830 2696 quio
850 2645 875 2682 sc

75 2709 202 2773 obligatae
218 2711 269 2774 ejus
286 2710 430 2760 solutionem.
447 2709 487 2759 Est
507 2712 582 2758 autem
604 2707 716 2770 impotens
730 2707 850 2770 dupliciter
867 2719 874 2753 τ

75 2793 122 2832 ono
139 2781 219 2842 modo,
234 2782 345 2844 quianon
362 2785 438 2844 potest
452 2781 540 2831 solvere
555 2780 583 2828 dc
596 2778 663 2840 jure3
679 2782 703 2826 et
718 2777 751 2826 sie
765 2777 817 2826 tatis
829 2777 873 2823 im·
893 2802 898 2816 ·

76 2853 178 2916 potentia
197 2853 302 2905 omnibus
318 2853 391 2903 modis
408 2851 463 2901 fecit
482 2852 621 2901 contractum
641 2847 808 2905 uescentium,
826 2843 874 2894 sive
