1924 3322
184 193 220 228 nn
236 191 420 230 counrnronrsus
436 189 633 243 normannum,
650 191 704 229 msc.
802 181 848 230 tte

34 267 78 318 lem
92 265 233 331 intelligere
251 265 405 318 dimensiones
421 268 634 330 nonterminatas,
649 265 775 317 secundum
793 281 850 332 quas

35 337 167 389 attenditur
184 337 268 389 divisio
280 339 390 401 materiae,
405 343 431 390 ut
441 339 543 389 diuersas
556 337 640 389 torreas
654 338 678 388 in
687 338 788 389 diuersis
797 352 849 403 par·

35 409 97 460 tibus
110 408 224 472 recipere
236 409 318 473 possit.
331 410 396 460 Unde
406 413 429 460 et
443 416 495 473 post
510 409 679 474 separationem
692 409 850 461 substantialis

34 480 115 531 lormae
130 478 275 542 amaleria,
289 481 363 532 adbuc
375 480 531 532 dimensiones
543 481 589 532 illae
602 483 695 532 manent
705 480 810 540 eaedem;
825 484 853 530 et

34 551 68 602 sio
86 551 192 602 materia
212 550 317 602 subtilis
336 552 516 603 dimensionibus
535 551 663 613 exsistens,
680 563 850 615 quamcumque
882 615 886 621 1

35 622 136 672 sormam
154 622 352 687 adcipiat‚lrabet
366 624 473 688 majorem
485 623 627 674 identitatem
637 624 665 673 ad
679 623 735 672 ibud
745 624 806 686 quod
819 635 849 674 ex

36 707 63 745 ea
84 698 228 757 generatum
248 695 338 759 iuerat,
358 695 426 760 qulam
447 695 525 758 aliqua
548 709 601 759 pars
617 695 661 746 aliu
684 695 785 746 materiae
808 695 850 745 sub
881 707 888 728 ·

37 777 190 830 manumque
204 766 276 818 torum
289 765 411 818 exsistens.
425 767 453 816 lit
469 765 504 816 aie
517 767 597 817 eadem
611 765 747 826 maudaad
766 777 850 830 corpus

37 836 170 888 humanum
181 839 336 902 reparandum
347 839 476 902 reducetur,
485 851 536 902 qua
548 835 611 903 prius
624 837 719 888 materia
730 837 781 901 ejus
793 836 846 887 tuit,

69 908 105 959 bd
122 912 236 972 qnamum
251 909 383 972 dicendum,
392 909 451 972 quod
465 909 523 960 siout
537 908 633 971 qualitas
645 909 742 974 simplex
756 922 804 960 non
814 911 850 958 est

39 978 112 1030 dorma
127 979 291 1032 substantialis
303 981 425 1044 elementi,
440 982 479 1032 sed
494 981 600 1032 aeeidons
612 979 730 1045 proprium
742 981 808 1045 ejus,
827 981 851 1029 et

39 1049 164 1114 dispositio
181 1065 226 1115 per
240 1065 307 1116 quam
321 1051 416 1102 materia
429 1051 528 1103 elicitur
540 1052 632 1118 propria
651 1052 691 1102 tali
706 1053 801 1113 torme3
818 1049 851 1100 ita

39 1120 113 1172 dorma
132 1121 272 1188 mixtionis,
286 1135 338 1188 qne
358 1126 394 1174 est
408 1123 505 1188 qualbas
522 1123 637 1173 resultans
656 1135 685 1174 ex
703 1121 853 1186 qualitatibus

40 1191 191 1257 simplicibus
201 1195 230 1244 ad
238 1194 500 1257 mediumuouientibus,
508 1208 555 1246 nou
566 1198 602 1245 est
612 1195 685 1246 torma
697 1192 852 1244 substantialis

41 1265 147 1328 eorporis
170 1265 254 1327 mixti,
269 1267 309 1318 sed
328 1272 365 1318 est
380 1267 487 1318 accidens
500 1267 618 1331 proprium
635 1269 659 1318 et
674 1265 792 1330 dispositio
808 1277 850 1328 per

41 1347 110 1400 quam
125 1337 227 1389 materia
241 1337 271 1388 sit
281 1338 410 1390 neeessaria
423 1339 451 1388 ad
462 1339 566 1390 termam,
581 1338 669 1402 corpus
679 1341 755 1388 autem
769 1338 850 1386 huma·

40 1421 98 1460 num
117 1413 280 1474 praeterirent
296 1411 392 1463 termam
406 1412 523 1464 mixtionis
540 1411 670 1462 nonhabet
687 1409 786 1474 adquam
802 1411 853 1461 lor-

41 1491 104 1530 mam
117 1481 297 1534 substantialem
312 1483 357 1534 nisi
375 1484 475 1534 animm
494 1483 637 1535 rationalem.
653 1481 710 1541 Quia
723 1482 744 1532 si
756 1481 852 1533 baberet

43 1550 113 1602 aliam
128 1553 230 1604 lormam
246 1554 419 1606 substantialem
437 1554 549 1619 priorem,
566 1555 607 1606 illa
620 1555 684 1604 daret
699 1553 721 1604 oi
734 1567 786 1604 osse
799 1552 854 1603 sub

43 1622 165 1689 santam,
182 1629 207 1677 et
219 1625 253 1676 sis
265 1639 307 1690 per
316 1639 367 1678 eam
380 1626 558 1680 constitueretur
573 1627 598 1677 in
610 1638 694 1688 geuene
709 1619 851 1675 substantiae.

46 1692 109 1746 Unde
123 1696 205 1748 anima
222 1697 271 1761 jam
284 1697 402 1750 adueniret
415 1698 504 1764 corpori
518 1699 644 1750 constituto
661 1697 686 1747 iu
702 1708 784 1760 genere
799 1695 856 1745 sub·

45 1765 155 1827 stantior
172 1767 243 1819 etsie
256 1770 396 1834 eomparatio
409 1768 491 1821 animae
506 1771 534 1820 ad
547 1780 631 1834 eorpus
643 1771 706 1819 esset
719 1766 778 1817 sient
790 1776 852 1817 com-

46 1837 135 1895 utmtio
145 1839 273 1890 formarum
286 1840 438 1892 artificialium
452 1841 480 1890 ad
494 1853 548 1891 suas
566 1839 690 1910 mammas,
701 1841 812 1904 quantum
825 1837 854 1888 ad

49 1903 92 1956 lton
106 1911 172 1974 quod
191 1912 362 1962 constituuntur
377 1911 402 1962 in
419 1925 504 1975 genere
516 1911 649 1963 substantio
662 1924 703 1975 per
719 1923 783 1961 mam
800 1921 855 1960 ma-

48 1977 144 2044 teriam3
167 1983 230 2033 nude
246 1983 379 2050 oonjnnotio
395 1983 524 2035 animead
542 1997 624 2048 eorpus
642 1985 704 2034 esset
721 1981 854 2033 accidenta-

48 2045 93 2099 lis:
109 2053 174 2115 quod
191 2055 228 2103 est
244 2067 308 2106 error
323 2055 469 2119 antiquorum
484 2054 672 2120 philosophorum
687 2051 855 2115 beilosopbo

49 2121 187 2184 reprobatus
199 2123 224 2174 in
237 2124 278 2176 lib.
291 2127 328 2176 De
338 2128 427 2176 animo
442 2127 464 2192 (1
477 2131 501 2176 et
513 2127 551 2184 lll.
566 2127 703 2190 sequeretur
717 2123 786 2175 etiam
796 2123 857 2185 quod

50 2201 134 2255 corpus
146 2195 275 2247 humanam
284 2197 412 2263 etsingulae
425 2203 501 2262 parles
517 2197 569 2262 ejus
583 2211 630 2248 non
641 2195 757 2260 equivoci
772 2193 858 2246 retine-

52 2263 196 2328 rent-priora
210 2269 304 2319 nomina
314 2307 321 2330 ,
332 2271 393 2334 quod
408 2273 444 2320 esi
463 2269 542 2320 ooritra
560 2268 724 2331 Philosophum
736 2267 761 2316 in
775 2266 805 2316 ll.
822 2265 858 2314 Do

52 2333 140 2386 animo
155 2340 223 2399 (text.
236 2339 270 2404 a).
287 2341 351 2392 Unde
360 2379 367 2404 ,
376 2340 428 2392 edm
437 2341 513 2392 anima
521 2339 639 2392 rationalis
651 2341 784 2400 remaneat,
795 2337 859 2388 nulla

53 2401 126 2458 torma
134 2409 291 2462 substantialis
307 2413 407 2476 eorporis
417 2413 513 2462 humani
522 2412 584 2462 cedit
595 2408 688 2475 penitus
699 2410 725 2460 in
738 2422 786 2460 non
797 2421 838 2460 eus
850 2424 858 2458 z

54 2471 179 2552 termarum
189 2486 266 2533 autem
283 2483 456 2534 accidentalium
464 2482 559 2533 variatio
574 2495 620 2532 non
631 2479 686 2531 lauit
703 2480 857 2532 dirormatem

55 2559 81 2598 sn
96 2561 211 2618 nnmem;
226 2555 287 2606 ende
303 2554 364 2605 idem
381 2569 463 2619 mrpus
486 2565 581 2604 numero
601 2556 720 2616 resurget,
735 2551 787 2604 ebm
807 2563 861 2601 mo-

55 2619 115 2743 {tzitta
133 2625 214 2747 eadetm
233 2639 327 2678 numero
348 2630 489 2689 resumatur,
510 2627 537 2674 ut
557 2625 580 2676 in
597 2624 735 2690 praecedenti
748 2623 862 2675 solutione

82 2703 144 2744 oum
160 2709 204 2748 es.
810 2717 813 2724 ⁴
