1958 3314
150 203 181 242 nn
197 200 333 250 ounnrrnrn
350 201 434 244 surum
447 204 565 246 smnurrs
581 203 598 246 a
614 205 731 256 couronn.
797 200 845 250 eoo

43 281 76 332 est
89 292 119 332 ex
131 279 170 332 his
186 280 248 346 quod
267 293 314 334 uon
329 281 468 346 separabiles
486 285 556 344 sunl,
571 286 596 350 ut
608 283 701 348 quidam
715 284 801 338 dieunt.
826 303 840 336 n

42 353 97 418 Ergo
115 353 227 418 potentia
240 353 356 406 sensilium
371 368 415 407 non
430 359 522 406 manent
536 355 561 406 in
575 355 653 408 anima
665 362 778 423 separata.

71 427 233 491 (Conclusio.
247 453 279 466 -
292 427 403 480 Potentia
426 426 544 478 sensilium
560 431 583 478 et
596 427 646 480 alie
661 428 748 482 similes
762 429 775 481 'a
788 444 838 482 eor·

40 511 93 562 pore
114 497 284 562 dependentes,
299 497 324 548 in
337 498 412 550 anima
429 502 533 562 separata
546 512 593 550 oon
612 505 731 552 remanent
750 502 843 567 simpli·

40 567 110 628 riter,
123 569 165 620 sod
186 567 311 623 secundun
325 569 434 633 originem
449 569 554 634 lentium,
567 583 601 636 eo
614 569 700 625 seilicet
709 575 784 628 ruodo
797 587 843 639 quo

40 639 176 706 principiale
189 644 243 692 sunt
256 641 279 691 in
291 641 409 706 principiis
419 641 468 694 suis
478 643 497 703 l.

69 713 207 778 Respondes
221 712 357 776 dicendum,
368 712 430 778 qudi
444 713 504 764 eirea
516 713 561 766 hoo
570 715 606 766 est
620 714 739 779 multiplex
753 717 841 786 opinio.

41 784 136 844 Quidam
156 785 217 837 enim
237 783 395 838 existimantes
408 785 521 850 potentias
535 797 615 839 omues
625 799 675 838 esse
688 786 713 838 in
726 789 802 840 anima
813 793 843 844 ad

41 857 131 910 modom
145 870 191 920 qno
205 857 265 908 color
286 860 324 908 est¹
333 857 358 908 in
378 869 487 922 torpore,
502 854 581 908 dieunt
594 856 655 922 qnod
674 858 751 910 anima
764 861 777 912 a
790 874 844 913 ror·

41 941 93 992 pore
111 932 218 994 separata
237 941 317 980 omues
334 941 394 980 suas
405 928 520 994 potentias
541 941 618 980 seeum
631 929 722 982 trahit:
738 931 758 982 si
779 932 842 984 enim

41 1002 115 1066 aliqua
123 1001 147 1052 ei
160 1001 264 1066 deesset,
274 1003 389 1064 oporteret
402 1001 684 1052 animamtransurutatum
694 1016 745 1057 esse
757 1017 842 1057 suern·

40 1071 92 1123 diurn
103 1075 221 1125 naturales
233 1072 456 1138 proprietatesque
466 1073 569 1137 subjecto
579 1078 685 1126 manente
696 1075 781 1126 uariari
795 1091 842 1130 uon

39 1149 145 1210 possum.
161 1145 206 1198 Sed
219 1145 280 1196 dieta
292 1142 430 1196 existimatio
450 1143 509 1210 laisa
522 1146 568 1195 est.
582 1143 641 1194 cum
659 1145 721 1196 eninr
737 1149 842 1210 potemia

41 1215 68 1265 sit
84 1215 212 1268 seeundirm
230 1228 297 1280 quiam
312 1217 419 1280 potentes
431 1211 529 1265 dicimur
543 1214 627 1278 aliquid
642 1228 708 1280 agere
722 1218 759 1268 uel
779 1217 841 1283 pati,

40 1289 142 1350 ejusdem
153 1291 229 1340 auem
239 1287 269 1338 sit
281 1300 348 1354 agere
359 1291 383 1343 et
393 1299 462 1354 posse
474 1299 540 1350 agere
550 1303 557 1350 ;
568 1289 658 1351 oportet
667 1287 729 1351 qndd
739 1288 842 1353 eiusdem

41 1361 70 1410 sil
83 1358 189 1424 potentia
209 1359 269 1412 slent
282 1359 381 1426 subjecti
395 1359 456 1424 qnod
480 1362 516 1410 est
528 1371 597 1422 agens
611 1357 768 1425 reirpaliens3
784 1364 844 1415 node

41 1431 196 1497 Philosophus
216 1429 367 1497 in'prinoipio
382 1433 521 1491 Desomno
538 1433 563 1480 et
583 1429 697 1494 or'pu'tr'u,
711 1432 767 1484 dicit
782 1433 843 1498 qued

42 1521 55 1553 u
69 1503 138 1568 eujus
151 1507 188 1555 est
197 1503 312 1570 potentia,
328 1503 379 1569 ejus
391 1507 427 1556 est
443 1507 542 1556 aetusn
562 1502 670 1554 Videmus
681 1508 757 1556 autem
771 1505 844 1556 mnni-

42 1575 100 1629 usus
114 1577 225 1642 quasdam
236 1577 390 1642 operationes,
399 1588 494 1640 quarum
504 1573 613 1640 potentias
621 1575 705 1628 anime
715 1580 770 1628 sunt
781 1577 844 1644 prin·

42 1649 99 1713 sipia
107 1685 116 1713 ,
130 1663 178 1703 non
192 1662 244 1700 esse
258 1647 342 1702 animae
352 1647 444 1714 propria
455 1648 577 1712 tornando,
590 1649 630 1700 sed
644 1649 776 1712 oonjnnoti,
790 1650 844 1714 qnia

41 1733 87 1770 non
98 1721 220 1784 explentur
232 1719 278 1770 nisi
291 1720 404 1772 mediante
421 1732 515 1784 corpore
527 1753 533 1780 ,
546 1722 622 1770 otest
633 1719 734 1778 uidere,
749 1723 844 1772 audire

42 1795 65 1842 et
77 1792 211 1856 hujusmodi
223 1807 230 1841 ι
241 1793 301 1842 unde
311 1795 400 1858 oportet
413 1789 473 1856 quod
485 1791 537 1842 istm
547 1790 654 1855 potantia
668 1791 715 1842 sint
726 1793 843 1858 sonjnnuti
973 1831 974 1852 r

42 1863 102 1915 sient
112 1861 228 1928 subjecti,
245 1863 327 1916 animm
340 1867 423 1917 autem
434 1861 493 1920 siout
508 1861 617 1928 principii
634 1863 768 1928 influentis,
783 1865 843 1916 sieut
863 1868 902 1917 ss
973 1911 974 1918 ,

41 1935 114 1988 torma
134 1940 170 1988 est
183 1935 322 2000 principium
340 1935 502 2002 proprietatum
521 1933 649 2000 compositi.
668 1936 774 1997 Quaedam
787 1937 843 1994 vert

43 2007 187 2072 operationes
199 2012 332 2060 exercentur
341 2008 369 2060 ab
378 2009 455 2060 anima
464 2006 513 2070 sine
527 2019 612 2072 organo
626 2009 753 2074 corporali,
767 2014 793 2061 ut
803 2014 844 2062 tu·

44 2079 172 2145 teltipero,
187 2081 350 2131 considerare
363 2084 386 2132 et
398 2079 476 2144 nette,·
488 2080 548 2132 undo
561 2079 614 2132 olm
630 2082 667 2132 lrae
684 2081 785 2135 uolones
797 2081 844 2132 sint

43 2150 123 2207 anima
135 2153 250 2216 proprie,
263 2151 372 2216 potentie
383 2165 434 2218 quar
448 2155 502 2204 snut
514 2153 596 2202 harum
608 2149 728 2216 principia,
739 2165 786 2202 non
802 2165 844 2203 so-

43 2217 171 2276 lim'erunt
185 2225 268 2276 animae
278 2229 303 2276 nt
314 2223 430 2292 principii,
440 2225 481 2276 sed
492 2224 560 2276 otiam
572 2227 598 2274 ut
609 2224 713 2288 subjecti.
723 2224 842 2288 Qniaergo

44 2300 149 2348 manente
162 2295 253 2362 proprio
266 2297 369 2360 subjecto
390 2307 481 2350 manere
503 2299 591 2359 oportet
604 2299 627 2346 et
641 2295 744 2360 proprias
763 2308 844 2361 opera·

44 2365 131 2428 tiones,
147 2370 171 2418 et
182 2369 290 2433 corrupto
305 2379 349 2430 eo,
364 2366 492 2431 eorrumpi;
510 2367 562 2432 ideo
579 2379 675 2417 neeesse
689 2368 724 2419 est
733 2366 786 2420 illas
799 2381 841 2432 po·

44 2439 141 2498 tentiae¹
152 2451 204 2502 qne
214 2437 239 2492 io
253 2438 300 2490 suis
314 2437 443 2496 sationibus
453 2451 500 2488 non
513 2441 606 2490 utuntur
617 2449 701 2501 organo
712 2440 842 2504 corporali,

44 2521 162 2559 remanere
176 2508 200 2559 in
218 2509 294 2560 anima
307 2514 428 2574 separata,
444 2509 495 2564 illas
508 2513 586 2560 autem
599 2523 650 2572 qna
670 2513 780 2574 utuntur,
794 2525 844 2564 eor·
869 2535 898 2563 ι·-

44 2579 118 2644 mmpi
132 2593 228 2646 corporo
245 2585 367 2646 corrupto:
386 2587 410 2632 et
422 2581 555 2648 hujusmodi
567 2583 622 2632 sunt
642 2581 750 2646 potente
763 2597 845 2636 omnes

44 2664 93 2714 qua
109 2651 226 2716 pertinent
241 2653 270 2702 nd
281 2653 378 2704 animam
392 2653 523 2705 sensibilem
536 2657 561 2704 et
574 2653 734 2716 uersatilem.

74 2721 104 2772 Et
122 2725 216 2786 propter
228 2724 272 2774 hoe
285 2721 378 2788 qnidam
392 2723 506 2788 potentias
526 2724 608 2776 animan
629 2723 745 2776 sensibilis
763 2726 844 2778 distin·

44 2795 128 2857 gnnnt3
145 2793 225 2844 dieunt
236 2795 297 2846 euim
311 2795 353 2844 luas
367 2807 418 2847 osse
432 2796 550 2861 duplices:
565 2797 732 2861 quasdamque
743 2803 845 2851 suntan-

45 2870 82 2916 tns
94 2877 309 2930 organorumque
324 2872 377 2918 suut
393 2867 423 2920 alt
435 2867 512 2919 enimi
524 2867 615 2922 eltlnxe
628 2867 652 2922 iu
666 2882 762 2935 eorpns3
771 2875 794 2924 et
807 2873 845 2923 he

46 2935 98 2988 oum
108 2948 203 3002 corpore
212 2941 386 3010 corrumpuntur
399 2954 406 2992 r
418 2940 530 3008 quasdam
543 2940 598 2994 rerd
611 2939 732 3008 originales
746 2943 844 3008 tuom,
