1970 3326
161 186 191 230 lo.
296 173 494 240 suranensnaun,
512 188 605 234 Quaeso.
621 189 691 240 anax,
709 191 765 227 aar.
782 191 817 228 aaa.

161 268 244 320 tionem
255 306 260 332 ,
271 271 306 318 est
319 265 415 330 primum
431 265 457 316 in
470 278 510 326 re,
524 266 563 316 sed
576 265 699 316 secundirm
710 266 914 330 consecutionem,
934 284 971 324 es

155 342 274 392 ultimum.
289 339 318 388 at
331 337 435 387 similiter
448 338 523 401 proles
542 349 566 387 se
580 338 648 388 habet
659 337 720 388 iuter
733 339 869 390 matrimonii
883 341 973 396 bona:

161 417 184 463 et
198 413 247 462 irleo
264 409 428 472 quodammodo
444 413 479 458 est
496 408 657 473 principalius,
670 414 694 460 et
714 411 883 473 quodammodo
900 427 968 465 non

192 483 225 534 ld
242 483 367 532 secundum
382 481 517 542 dicendum,
535 479 595 544 qubrl
608 485 788 544 sacramentum,
801 482 870 533 etiam
888 500 973 548 prou¹

159 555 249 620 ponitur
266 553 356 604 tertium
369 552 504 603 matrimonii
514 552 611 613 bonum,
625 553 725 616 pertinet
743 554 770 603 ad
785 554 973 610 matrimonium

161 626 246 675 ratione
259 639 306 675 suae
318 623 465 685 differentiae3
475 622 557 673 dicitur
568 625 628 673 enim
639 631 823 675 sacromentum
837 639 866 676 ea
881 627 973 690 signi«

161 697 266 747 linitione
286 695 354 758 bujus
378 693 410 744 rei
430 705 500 746 sacrae
519 695 675 746 determinatae
696 695 763 759 quim
786 697 973 752 matrimonium

162 768 283 830 significat.

193 840 225 889 llrl
245 837 337 888 tertium
359 836 491 900 dicendum,
507 837 566 902 qubul
586 839 685 909 nuptio,
702 838 827 890 secundnm
847 841 973 904 Augustis

161 925 224 972 num,
236 914 288 960 snut
298 909 382 960 bonurn
396 909 537 972 mortalium
549 911 609 960 urile
626 927 639 958 rr
649 911 672 960 in
689 909 866 973 resurrectione,
882 923 973 980 neque

162 981 263 1041 nubent,
279 992 353 1044 neque
366 979 488 1043 nubentur,
501 996 515 1027 n
529 982 555 1030 ut
564 980 646 1032 dicitur
662 982 764 1038 Metto,
776 983 847 1032 llllll.
866 983 897 1032 Et
911 985 973 1040 ider

162 1053 277 1104 vinculum
292 1051 431 1102 matrimonii
444 1065 488 1103 non
502 1064 526 1103 se
539 1054 640 1105 extendit
650 1055 709 1104 ultre
723 1055 795 1104 vitam
809 1054 832 1103 io
843 1067 889 1119 qua
908 1072 973 1110 eon⁴

162 1123 266 1186 trebicum
284 1126 309 1173 et
321 1123 374 1173 ideo
389 1123 468 1174 dicitur
481 1125 645 1190 inseparabile,
660 1126 713 1190 qnia
729 1139 776 1178 non
789 1129 864 1190 potest
878 1127 906 1176 in
925 1131 973 1183 liar

162 1197 210 1247 vita
223 1195 339 1260 separari,
353 1196 393 1246 sed
406 1207 447 1260 per
466 1201 562 1249 mortem
581 1197 629 1248 sive
644 1198 798 1262 corporalem,
812 1201 865 1262 post
883 1213 973 1254 carna

162 1267 206 1317 lem
215 1267 409 1331 conjunctionem,
423 1267 473 1319 sive
485 1269 635 1333 spiritualem,
643 1273 696 1334 post
709 1270 849 1335 spiritualem
861 1271 969 1324 lantiam

193 1339 225 1388 td
239 1341 343 1402 quartum
359 1341 493 1405 dicendum,
508 1341 581 1404 qubd,
596 1340 700 1404 quamuis
713 1353 837 1392 consensus
854 1340 895 1404 qui
912 1343 973 1396 laci

163 1411 340 1473 matrimonium,
355 1411 568 1475 nonsitperpetuns
579 1411 738 1474 materialiter,
750 1412 774 1462 id
787 1415 833 1474 est,
847 1414 973 1475 quantiam

162 1482 189 1531 ad
201 1481 350 1532 substantiam
365 1481 437 1546 antris,
452 1481 505 1546 quia
518 1481 557 1533 ille
568 1486 633 1534 actus
647 1487 721 1533 cessat
728 1520 737 1547 ,
748 1486 772 1534 et
780 1485 858 1547 potest
869 1489 973 1538 contra-

162 1551 210 1602 rius
229 1553 363 1616 succedero,
381 1555 473 1614 tamen,
487 1553 611 1604 lormaliter
623 1555 751 1618 loquendo,
768 1556 803 1604 est
816 1557 956 1619 perpetuus

162 1623 215 1686 quia
236 1627 271 1673 est
291 1624 317 1674 de
332 1624 482 1688 perpetuitate
495 1625 596 1686 vinculi,
612 1625 667 1675 aliis
683 1637 728 1687 non
741 1625 826 1676 laceret
842 1627 973 1681 matrimo

163 1696 238 1759 nium;
249 1708 295 1748 non
307 1695 369 1746 enim
386 1709 509 1747 consensus
523 1699 551 1748 ael
570 1702 660 1760 ternpus
671 1696 696 1746 iu
708 1695 821 1762 aliquam,
837 1697 973 1752 matrimo-

162 1767 225 1817 nium
238 1767 301 1817 lacit.
311 1768 339 1818 at
351 1768 401 1820 dico
416 1767 576 1832 formaliter,
590 1767 714 1820 secundbm
723 1767 783 1832 qubd
798 1773 861 1818 aetus
876 1771 973 1836 accipit

162 1839 263 1901 speciem
278 1839 305 1887 ab
319 1839 417 1904 objecto,
434 1843 458 1889 et
472 1840 597 1891 secundirm
611 1841 654 1890 boo
667 1839 835 1891 matrimonium
852 1851 883 1890 ex
903 1855 973 1894 con-

161 1922 231 1959 sensu
247 1909 460 1972 inseparabilitatem
475 1911 567 1974 accipit.

195 1981 227 2030 tld
240 1979 343 2042 quintum
355 1979 481 2042 dicendum,
494 1980 566 2043 qubrl,
579 1980 604 2030 in
621 1982 768 2033 sacramentis
779 1983 804 2033 in
819 1983 904 2047 quibus
923 1987 973 2040 im⁴

163 2051 269 2116 primitur
278 2051 401 2115 character,
418 2051 512 2100 traditur
522 2053 623 2115 potestas
638 2055 666 2104 ad
685 2058 747 2105 actus
762 2055 909 2119 spirituales,
927 2063 973 2114 seo

163 2123 189 2172 in
199 2121 353 2183 matrimonio,
365 2123 392 2173 ad
408 2125 472 2172 actus
485 2124 620 2187 corporales.
640 2125 702 2177 Unde
716 2127 902 2192 matrimonium,
925 2147 973 2184 ra.

163 2194 225 2246 tione
238 2193 357 2259 potestatis
370 2206 437 2258 quam
449 2195 474 2244 in
489 2207 513 2245 se
526 2195 622 2248 invicem
634 2197 745 2262 conjuges
759 2199 889 2264 accipiunt,
907 2215 973 2256 eon,

163 2267 226 2316 venit
239 2279 289 2316 curn
304 2266 450 2317 sacramentis
464 2266 488 2316 in
505 2266 587 2330 qulbus
600 2270 715 2320 clraracler
729 2270 879 2333 imprimitur,
891 2275 915 2322 et
941 2291 973 2328 es

164 2338 207 2386 lroc
222 2338 289 2387 habet
302 2336 531 2400 inseparabilitatem,
545 2343 570 2389 ut
581 2340 688 2404 magister
701 2340 755 2391 dicit
767 2342 822 2406 (Ill.
836 2341 973 2406 sincerae,

163 2410 217 2460 list.
235 2415 263 2460 at
275 2410 291 2472 ).
306 2411 350 2462 Sed
363 2411 438 2462 libert
454 2413 482 2463 ab
502 2414 536 2465 eis
551 2415 577 2464 in
593 2421 702 2479 quamam
716 2419 816 2480 potestas
831 2416 870 2466 illa
885 2421 923 2468 est
941 2427 973 2476 aa

162 2485 225 2602 aetiust
245 2484 386 2604 elorporalem
403 2488 426 2535 et
442 2489 533 2550 propter
548 2487 590 2538 boe
613 2501 660 2540 oon
680 2488 789 2554 imprimit
805 2489 973 2548 characterem

161 2566 310 2617 sprnuaem.
972 2581 973 2590 ¹
