1966 3304
245 119 277 158 BE
293 117 395 160 illum
412 119 578 174 tttmlttllw,
595 121 648 161 ΠΟ.
799 117 846 163 229

50 197 145 249 labidis
158 197 239 250 dicam
251 196 310 262 quod
322 199 428 249 neutram
439 200 515 263 potest
526 208 586 252 unce
599 198 649 252 siue
663 211 778 253 consensu
790 201 846 255 elte-

50 285 94 322 rrus
107 283 202 323 vovero.

76 343 111 394 td
125 346 230 408 partem
248 342 379 406 dicendum,
392 341 452 407 quod
470 342 530 394 sicut
548 343 629 396 molor
641 344 725 410 accipit
738 349 847 412 potesta-

49 417 92 464 tem
104 415 233 480 incorpore
242 414 299 478 riri,
312 415 375 466 salvo
384 417 429 466 hoc
439 416 464 466 iu
476 429 521 480 qao
534 417 570 469 vir
582 421 674 468 tenetur
688 419 778 483 corpori
793 433 844 484 suo,

47 485 77 536 ita
91 487 161 537 etiam
174 485 240 537 salvo
253 487 297 536 hoc
308 485 332 539 iu
341 498 386 550 quo
399 489 491 539 tenetur
501 487 595 540 domino
609 500 660 540 suo.
670 491 699 540 Et
710 490 774 554 ideo,
789 491 847 542 sicut

47 571 103 610 uxor
115 571 164 610 nou
173 560 251 623 potest
261 557 362 609 debitum
374 563 453 623 petere
463 559 477 610 t
486 558 536 612 viro
548 563 629 612 contra
638 563 734 614 salutem
748 563 783 614 sui
791 557 848 614 'cor-

46 630 120 694 poris,
135 629 170 680 ita
183 643 226 682 uec
240 630 268 680 ad
281 629 449 695 impediendum
463 632 508 683 hoc
525 633 550 682 iu
569 645 615 698 quo
631 633 723 685 domiuo
739 637 846 698 tenetur3

47 703 84 752 sed
99 705 195 768 propter
205 702 250 754 hoc
263 714 310 754 uon
330 705 404 767 potest
418 702 527 754 domiuus
540 703 661 770 prohibere
675 704 730 770 quin
746 704 847 758 debitum

48 772 137 825 addar.

334 844 561 938 rupcucosuu.

115 1006 204 1055 Utaatm
218 1007 246 1054 in
255 1005 337 1054 dietas
350 1007 426 1076 sactis
439 1007 587 1066 impediatur
598 1011 682 1068 petitio
699 1011 780 1058 debiti.

74 1135 110 1186 ld
129 1134 255 1199 septimum
269 1133 304 1186 sic
318 1135 457 1200 proceditur.
473 1135 567 1188 Videtur
579 1135 795 1202 quod-temporibus
812 1151 848 1190 sa·

47 1207 88 1259 cris
102 1221 153 1260 nou
174 1207 256 1258 debeo
273 1206 354 1271 etquis
377 1207 485 1272 impediri
500 1206 556 1272 quiu
573 1208 675 1259 debitum
694 1212 767 1273 petat.
787 1211 849 1262 Tuuc

47 1281 105 1330 cuim
125 1283 163 1331 cst
175 1279 356 1332 succedentum
372 1280 465 1344 morbo,
481 1281 571 1344 quando
588 1279 718 1331 invalescit.
734 1281 780 1331 Sed
793 1296 847 1346 pos-

48 1351 110 1404 sible
127 1349 234 1415 estquod
247 1350 272 1400 iu
285 1349 321 1402 dio
332 1349 391 1402 testo
404 1353 531 1404 invalescat
541 1351 733 1416 mucupisccutiu.
748 1353 808 1418 Ergo
825 1358 850 1406 et

47 1425 98 1474 tuac
110 1423 182 1474 debet
195 1423 217 1474 ei
230 1421 344 1474 subucuiri
359 1436 401 1487 per
410 1423 482 1474 debiti
491 1423 634 1490 petitionem.

74 1500 99 1546 t.
108 1487 244 1556 Pidasa,
256 1505 303 1545 con
316 1496 352 1545 est
361 1491 409 1545 aliu
422 1495 480 1546 ratio
490 1507 560 1560 quaro
574 1507 621 1546 uon
629 1494 658 1546 sit
670 1497 794 1560 petendum
806 1500 848 1549 dc-

49 1565 120 1617 litum
129 1565 156 1615 in
173 1564 253 1616 dicbus
259 1564 361 1627 festivis,
376 1565 421 1616 nisi
432 1565 486 1630 quia
497 1569 550 1616 suut
564 1566 662 1618 orationi
675 1567 785 1631 deputati.
800 1569 846 1620 Sed

48 1637 127 1690 inillis
140 1637 221 1690 diebus
231 1638 355 1690 sunthoru
370 1637 526 1690 determinata
536 1637 642 1691 orationi.
653 1640 714 1702 llrgo
724 1639 776 1690 aliis
786 1641 850 1694 horis

49 1709 100 1764 licet
115 1709 220 1762 debitum
233 1715 324 1773 petere.

75 1783 123 1835 Sed
142 1784 240 1844 eontra,
254 1779 315 1831 sieut
330 1780 407 1844 aliqua
433 1781 482 1833 loca
500 1784 552 1832 sunt
570 1792 651 1846 sacra,
667 1783 720 1847 quia
740 1783 848 1848 deputata

48 1859 98 1907 saut
109 1853 197 1916 sacris,
210 1853 242 1902 ita
255 1852 331 1916 aliqua
342 1855 445 1916 tempora
454 1858 508 1904 suut
520 1865 583 1904 sacra
595 1857 690 1918 propter
698 1857 800 1906 eamdem
810 1869 847 1906 ra*

49 1926 143 1978 tionem.
163 1925 209 1976 scd
221 1925 246 1975 iu
259 1926 309 1976 loco
319 1935 382 1976 sacro
395 1925 506 1976 nonlicet
523 1927 600 1990 petere
611 1925 720 1978 debitum.
731 1927 791 1993 Ergo
802 1942 846 1979 noc

49 1997 70 2048 iu
82 2002 192 2062 ternpore
202 2009 275 2048 sacro.
383 2029 385 2034 ,
888 2013 895 2021 ⁸

76 2072 242 2136 (Gouccmo.
254 2097 287 2108 -
298 2070 355 2122 Cim
372 2073 437 2122 actus
458 2071 647 2136 matrimonialis,
663 2077 755 2138 propter
774 2077 850 2126 delec-

51 2143 159 2194 tationem
174 2141 248 2192 muno
258 2177 265 2202 ,
275 2143 353 2194 reddat
362 2142 477 2194 homiuem
490 2144 592 2210 ineptum
605 2145 634 2195 ad
646 2145 786 2210 spiritualia,
802 2159 849 2197 nou

49 2212 100 2266 licet
114 2217 195 2278 petere
213 2213 314 2264 debitum
325 2214 389 2264 actis
402 2213 541 2266 matrimonii
551 2216 631 2268 diebus
641 2217 719 2268 sacris.
733 2219 742 2280 l

76 2283 219 2349 Respondeo
234 2285 370 2349 dicendum,
385 2286 445 2350 quod
465 2289 530 2337 udus
544 2287 733 2351 matrimonialis,
747 2289 852 2352 quamuis

50 2356 116 2422 culpt
131 2360 221 2418 mmet,
235 2359 328 2420 amen,
338 2357 392 2420 qua
405 2357 517 2408 rationem
531 2359 651 2424 deprimit,
663 2363 757 2422 propter
774 2372 853 2411 carna-

50 2427 92 2478 lem
112 2427 301 2492 delectationem,
313 2429 431 2480 hominem
449 2429 522 2481 reddit
540 2429 643 2495 ineptum
664 2429 692 2480 ad
713 2429 850 2494 spiritualia.

50 2499 77 2550 Et
88 2499 142 2552 ideo
154 2499 179 2550 iu
189 2499 305 2552 diebusiu
321 2500 404 2564 quihus
415 2500 529 2566 precipue
543 2499 700 2566 spiritualibus
716 2505 752 2552 est
766 2515 850 2554 vacan-

52 2572 103 2623 dum
114 2587 180 2636 ,uon
189 2574 243 2625 licet
255 2576 335 2638 petere
351 2573 462 2625 debitum.

81 2647 114 2696 td
126 2639 226 2712 primurn
240 2659 294 2711 ergo
307 2645 443 2710 dicendum,
453 2645 513 2712 qued
526 2650 630 2712 tempore
643 2647 682 2699 illo
694 2651 793 2712 possunt
807 2647 852 2699 alia
923 2683 929 2694 .

53 2716 150 2768 adhiberi
178 2718 208 2768 ad
228 2717 435 2782 concupiscentiam
451 2719 634 2783 reprimendam,
650 2719 709 2770 sicud
733 2719 805 2770 oratio
827 2723 852 2769 et

53 2789 122 2838 multa
139 2788 286 2855 hujumodi,
303 2803 354 2852 aaa
368 2790 437 2842 etiam
452 2789 487 2840 illi
500 2789 608 2843 adhibent
618 2792 659 2855 oui
670 2790 780 2857 perpetuo
797 2803 852 2842 con·

54 2858 135 2914 tuem.
480 2883 483 2890 ⁴
771 2884 773 2894 ν
