1970 3326
102 167 134 204 nn
149 167 325 226 unumunurn,
342 168 369 206 uu
385 165 501 226 mutuant
515 169 559 224 non
575 169 762 211 munuum.
811 163 844 214 tn

59 243 90 294 id
98 244 230 294 sonandum
246 243 387 303 dicendum,
398 243 457 308 quod
469 245 634 298 matrimonium
646 261 694 300 non
706 252 742 299 eut
750 247 840 302 tantiun

33 313 188 364 inremedinm
201 318 285 366 contra
295 320 428 379 pennatum,
438 316 479 366 sed
490 316 648 382 principaliter
664 325 700 370 est
709 320 734 370 in
743 317 843 372 oifloium

34 391 117 449 mimam
128 386 207 449 etsie,
224 387 359 437 institutum
372 387 416 438 fuit
426 392 479 438 ante
493 394 619 454 peccatum,
629 404 673 442 non
688 395 764 444 autam
775 387 845 458 proni

29 461 59 508 ont
69 457 92 507 in
104 458 251 510 remedium.
455 475 459 482 ’

56 530 85 578 Ad
98 530 195 578 tertium
212 529 355 591 dicendum,
371 529 431 594 qnod
444 532 569 582 secundum
582 531 672 584 divorsa
683 549 734 599 qno
749 539 843 600 morton

30 599 49 648 in
60 600 205 651 matrimonio
226 599 395 663 determinari,
411 614 457 652 non
478 607 514 652 est
534 602 701 656 inconveniens
722 605 784 670 quod
802 606 842 658 ni·

31 684 97 721 rums
109 673 223 722 habuerit
234 670 411 736 institutionem
422 677 445 724 ot
460 671 493 724 sto
503 673 542 724 illa
558 673 646 728 diuersa
659 675 774 728 institutio
789 691 838 728 non

29 747 57 791 est
68 743 173 806 ejusdem
190 743 325 794 secundum
337 741 409 794 idom.

55 815 86 864 tu
104 819 218 878 quartum
232 813 374 876 dicendum,
390 813 451 877 quon
471 815 638 868 matrimonium
653 821 705 868 anto
720 821 841 882 peccatum

30 885 150 934 institutum
169 885 217 934 init
233 883 249 934 a
263 885 326 945 Deo,
339 885 432 947 quando
445 886 532 937 homiui
546 887 663 937 mulionem
676 889 704 939 uio
713 892 777 939 costa
790 889 840 938 ior·

30 958 91 1006 narrt
104 957 129 1006 in
147 956 314 1020 adjutorium,
328 959 353 1006 et
368 956 428 1006 dixit
440 957 492 1009 eis:
508 974 522 1003 u
536 959 652 1020 Creaoitu,
668 963 693 1010 ot
707 959 844 1023 multiplica·

33 1027 119 1090 nini;»
142 1027 210 1090 qnod
230 1025 340 1088 quamvis
359 1027 429 1078 etiam
447 1027 497 1078 aliis
520 1028 657 1080 animalibus
677 1029 779 1091 dixerit,
793 1043 842 1080 non

33 1107 97 1149 nmen
111 1112 156 1163 por
178 1111 208 1148 ea
227 1097 313 1148 eodem
334 1098 402 1148 modo
420 1097 560 1161 implendum
579 1099 638 1163 init,
655 1100 716 1150 siout
733 1114 776 1164 per
792 1101 843 1150 ho-

35 1172 103 1222 ninem
116 1173 193 1222 Adam
208 1169 268 1220 voro
282 1168 321 1218 iila
335 1169 407 1220 verba
419 1169 514 1232 protulit
530 1171 601 1222 atino
615 1169 757 1238 inspiratus,
768 1176 794 1222 nt
803 1170 842 1221 in-

35 1243 133 1306 teligaret
144 1241 295 1293 matrimonii
310 1239 478 1292 institutionum
492 1242 563 1294 alien
578 1243 675 1294 iactam.

58 1315 87 1364 Μ’
97 1314 210 1379 quintum
226 1311 371 1374 dicendum,
387 1311 446 1376 quod
458 1312 567 1376 quantiam
586 1315 612 1364 ad
627 1316 671 1365 hoa
684 1313 744 1378 quod
759 1313 838 1364 matri·

35 1386 121 1435 nonium
138 1388 179 1436 est
191 1388 370 1435 sacramentum
386 1396 453 1434 nonan
465 1385 531 1448 lagia,
542 1398 588 1435 non
600 1384 645 1436 init
658 1384 842 1436 antechristum

37 1456 162 1521 institutum,
174 1460 201 1506 nt
226 1468 256 1505 ex
275 1454 345 1506 dictis
358 1457 434 1519 patet.

329 1633 489 1684 antiatinus
504 1634 543 1684 111.
640 1707 643 1716 γ

167 1759 258 1805 viriam
271 1758 455 1804 matrimonium
470 1761 580 1816 conserat
590 1726 706 1816 qratiam.

61 1887 202 1940 intertium
219 1885 255 1936 sio
267 1883 409 1949 prooeditur.
422 1884 516 1934 Videtur
528 1885 588 1949 quod
605 1884 778 1936 matrimonium
792 1897 840 1936 non
869 1877 872 1882 ’

39 1961 131 2010 onorat
145 1958 258 2022 gratiam.
276 1956 349 2014 Quia,
365 1953 488 2006 secundom
503 1957 641 2020 Hugonem,
662 1972 675 2003 u
690 1959 842 2018 muraneum,

37 2041 60 2078 un
74 2028 279 2085 sanctificatione,
291 2025 432 2076 inuinibitem
446 2026 541 2090 gratiam
560 2027 689 2078 conferunt.
701 2044 716 2074 n
727 2028 770 2077 Sed
788 2039 842 2078 ma-

39 2101 162 2152 timonium
182 2111 232 2149 non
255 2097 325 2148 habet
345 2096 443 2158 utiquam
464 2097 668 2149 sanctificationem
688 2111 739 2162 qua
760 2097 791 2148 sit
812 2095 843 2146 da

38 2171 204 2234 muntinolus.
214 2171 276 2234 Ergo
285 2181 332 2220 non
343 2167 459 2220 coniertur
468 2168 540 2232 gratia
551 2168 643 2232 inipso.

65 2246 87 2292 a.
97 2245 231 2302 miuron,
242 2252 310 2290 omno
321 2243 490 2289 sacramentum
501 2239 621 2290 coniurans
632 2239 727 2302 gratian
735 2274 742 2300 ‚
751 2237 844 2288 oontort

12 2305 13 2308 ’
39 2312 105 2374 insana
128 2325 159 2363 ex
175 2310 273 2361 matoria
289 2314 314 2362 ot
331 2309 405 2360 iorma
418 2311 600 2362 sumserimus
613 2310 652 2373 qui
666 2307 842 2376 nominatoria,

39 2383 58 2430 in
66 2385 109 2434 imo
122 2383 287 2443 sacramanto,
303 2393 349 2432 non
359 2383 414 2430 sunt
423 2393 489 2432 nausa
504 2383 594 2444 gratiam
606 2381 660 2445 onia
671 2382 715 2432 troo
726 2384 788 2432 oanni
801 2393 845 2444 pa·

38 2453 119 2516 tugiam
136 2452 257 2514 hannonia,
271 2451 360 2506 soitioot
381 2450 441 2514 quod
461 2460 524 2503 actus
543 2452 614 2504 nostri
628 2455 681 2502 nunt
700 2463 769 2502 causa
786 2463 845 2516 gra-

40 2525 81 2576 ta.
99 2525 177 2575 Verba
201 2522 271 2574 etiam
291 2522 444 2598 exprimentia
465 2535 619 2585 consensum,
637 2535 683 2572 nou
702 2525 755 2574 suut
775 2533 845 2572 tunna

42 2595 122 2658 mutim
141 2607 198 2646 nam
213 2608 243 2644 ex
255 2593 290 2644 ais
303 2607 350 2644 non
365 2593 390 2642 iit
410 2594 484 2657 aliqua
501 2593 660 2647 sanctificatio.
678 2593 736 2657 Engo
750 2593 774 2643 in
791 2604 846 2644 nna-

43 2667 142 2718 uinonio
155 2665 221 2718 nulio
235 2665 303 2718 modo
314 2665 386 2726 matta
398 2665 471 2717 datur.

69 2742 90 2788 a.
107 2740 246 2800 praterea,
263 2737 336 2798 gratia
360 2734 466 2798 ordinata
482 2737 562 2788 contra
581 2736 665 2786 vuinus
684 2735 787 2799 pennati,
807 2735 844 2786 ont

44 2809 163 2861 mussona
185 2807 293 2860 omnibns
309 2805 446 2868 manantibus
458 2807 541 2856 uulnus
560 2805 626 2858 iilud}
641 2804 723 2857 sedin
737 2803 844 2856 omnibns

43 2879 146 2934 iurentur
157 2877 358 2944 concupiscentia
373 2876 499 2928 unumst
513 2889 569 2940 orgo
580 2877 609 2954 'in
622 2873 765 2926 matrimonio
779 2874 847 2924 tana·
