2024 3328
130 233 161 272 us
171 227 493 280 nrsrasrrrracunrusoun
502 230 672 274 sammonmn
680 233 799 274 mrsnrrr.
817 219 875 274 net·

63 311 132 373 lens,
147 310 216 372 trine,
232 311 291 364 sind
303 311 459 364 infidelitatem
478 315 609 377 pertrahere
621 313 722 379 nitatur,
740 314 777 364 uir
788 313 862 366 tidelis

7 441 10 452 ,
63 383 187 435 discedens
199 386 275 449 potest
288 382 352 436 alteri
363 397 403 449 per
415 383 582 436 matrimonium
597 385 706 450 copulari.

97 455 134 506 nd
145 455 244 521 primum
257 468 309 520 ergo
319 455 460 518 dicendum,
471 455 532 520 quod
549 457 717 510 matrimonium
738 458 864 512 infidelium

62 531 102 579 est
123 527 296 592 imperfectum,
309 531 335 578 ut
348 528 433 579 dietum
449 531 484 579 est
498 527 560 592 (art.
573 529 616 592 a).
629 529 675 581 Sed
691 530 864 582 matrimonium

62 598 169 650 fidetium
182 601 217 650 est
230 598 367 663 perfectum,
378 603 402 650 et
415 599 447 650 ita
464 602 499 652 est
514 600 615 665 firmius;
630 613 722 666 semper
735 605 812 653 antem
824 603 863 652 tir·

63 670 127 722 mins
144 669 259 720 uinculum
273 669 341 721 solvit
354 669 431 720 minis
445 669 549 731 firmum,
563 671 583 722 si
597 671 627 724 sit
640 672 663 724 ei
675 673 820 724 contrarium.
836 673 865 724 itt

7 759 8 778 r
62 740 118 795 ideo
128 740 298 805 matrimonium
309 741 370 806 qnod
379 746 434 807 post
442 742 467 792 in
475 742 519 793 tide
534 743 619 794 Christi
631 743 781 808 coutmhitnr,
795 745 864 796 soluit

63 813 234 864 matrimonium
243 814 302 877 quod
312 813 376 878 pride
384 813 409 864 in
416 813 548 865 infidelitate
557 819 697 866 contractum
707 815 863 868 iueratdnde

63 885 236 937 matrimonium
253 885 377 936 infidelium
396 897 443 936 non
462 889 499 936 est
511 886 605 938 omnino
625 886 715 936 firmum
729 891 753 938 et
770 891 861 953 ratum,

64 958 106 1009 sed
120 957 244 1008 ratificatnr
255 957 400 1022 postmodnm
412 969 454 1020 per
467 957 535 1008 isdem
546 958 631 1010 Christi
649 957 696 1022 (1),

97 1029 132 1079 nd
150 1029 273 1080 secundum
293 1029 428 1089 dicendum,
442 1027 501 1092 qudd
516 1027 602 1080 crimen
615 1029 694 1081 uxoris
705 1030 804 1082 nolentis
822 1046 862 1084 co·

64 1101 169 1153 habitare
189 1101 239 1152 sine
258 1101 395 1152 contumelia
413 1099 539 1164 creatoris,
556 1101 652 1154 absolvit
671 1102 773 1153 uirnnrd
789 1105 863 1155 eervi-

7 1207 14 1214 -
64 1177 116 1224 tute
134 1186 181 1237 qua
191 1174 310 1225 tenebatur
323 1173 402 1237 uxori,
418 1175 445 1223 nt
461 1185 507 1224 non
521 1176 615 1237 posset,
631 1186 659 1224 ea
671 1173 778 1235 uiuente,
792 1176 860 1228 aliam

64 1246 160 1296 ducere.
170 1243 216 1294 Sed
230 1243 332 1296 nondum
342 1244 411 1296 soluit
423 1243 594 1296 matrimonium
603 1283 610 1306 ,
619 1244 686 1309 quia,
697 1244 718 1294 si
730 1244 863 1309 blasphema

64 1317 105 1368 ilia
122 1319 292 1368 conuerteretur
305 1319 427 1382 numquam
443 1315 483 1368 iile
499 1315 561 1368 atiud
581 1315 749 1369 matrimonium
769 1321 876 1369 contra-x

65 1390 130 1441 haret
142 1427 149 1453 ,
163 1387 293 1441 redderetur
306 1389 328 1440 ai
341 1388 377 1440 vin
391 1401 459 1453 suna,
477 1390 517 1440 sed
532 1389 630 1440 soluitur*
640 1402 681 1455 per
694 1388 863 1440 matrimonium

64 1474 181 1527 sennem,
197 1461 225 1512 ad
243 1461 302 1526 quod
318 1461 438 1526 peruenire
456 1475 503 1512 non
522 1465 602 1525 posset
614 1461 651 1512 uir
664 1459 752 1524 nocis,
766 1461 812 1513 nisi
827 1475 865 1514 so-

64 1534 126 1586 lutus
136 1533 151 1585 d
160 1533 271 1586 seruitute
283 1533 362 1586 uxoris
375 1545 439 1595 suae,
452 1546 494 1598 per
505 1531 595 1596 cuipam
608 1533 719 1598 ejusdem.

96 1607 130 1658 nd
147 1605 240 1657 tertium
254 1605 374 1657 dicendum
383 1643 390 1666 ,
399 1604 460 1669 qudd
470 1607 590 1668 postquam
601 1603 675 1656 fldciis
689 1605 817 1668 contraxit,
828 1616 865 1658 so-

63 1678 138 1730 lutum
152 1681 189 1730 est
200 1677 317 1729 uinculum
331 1675 472 1728 matrimonii
485 1688 515 1726 ex
527 1678 622 1740 utraque
632 1677 696 1740 parte
705 1714 713 1737 ,
723 1677 776 1741 quia
785 1679 864 1729 matri·

63 1753 169 1802 monium
181 1763 228 1802 nou
239 1749 348 1800 claudicat
361 1745 472 1812 ouantium
487 1748 516 1798 ad
529 1746 660 1806 uinculum,
674 1748 715 1798 sed
728 1749 863 1814 quandoque

66 1822 178 1874 claudicat
191 1819 299 1887 quantdm
312 1820 341 1870 ad
353 1821 468 1872 edoctum.
483 1817 562 1884 Unde,
574 1817 599 1867 in
613 1831 704 1884 poenam
720 1819 798 1872 uxoris
809 1821 862 1872 inti-

66 1894 135 1956 daiis,
145 1893 168 1944 ei
178 1892 283 1944 indicitur
290 1890 351 1957 qudd
359 1903 406 1942 non
417 1890 491 1955 possit
502 1889 612 1942 eumalio
625 1892 775 1955 contrahere,
789 1894 863 1959 magis

8 1957 10 1968 '
66 1966 135 2030 qnam
148 1979 178 2018 cx
192 1959 427 2016 uirtute'matrimonii
441 1962 599 2028 succedentis.
612 1961 670 2023 Sed,
685 1961 705 2012 ei
719 1968 800 2028 postea
809 1980 864 2017 con-

65 2035 177 2100 certatur,
189 2040 266 2104 potest
276 2036 301 2088 ei
314 2035 408 2088 concedi
421 2034 612 2100 dispensativum
626 2034 691 2085 alteri
703 2036 788 2101 nnbat,
799 2038 819 2088 si
829 2038 865 2090 vir

66 2110 117 2172 ejns
134 2110 202 2162 aliam
217 2110 242 2160 in
260 2121 355 2160 uxorem
365 2105 440 2158 duxit.
551 2109 555 2112 “

97 2183 131 2233 tid
154 2186 257 2246 martum
275 2179 413 2242 dicendum,
434 2177 511 2242 qudd,
526 2177 547 2228 si
562 2181 614 2243 post
632 2177 804 2254 conversionem
821 2181 865 2232 viri

67 2255 143 2320 aliqua
156 2253 278 2318 probabilis
293 2263 346 2317 spes
366 2251 395 2302 ds
417 2249 567 2302 conversione
579 2250 658 2302 uxoris
671 2249 717 2313 sit,
732 2264 779 2302 non
798 2252 865 2304 debet

67 2330 145 2378 uotum
164 2323 308 2375 continentia
324 2321 361 2371 sir
378 2321 498 2385 emittere,
509 2334 552 2372 neo
570 2322 598 2372 ad
615 2322 676 2373 aliud
693 2322 862 2374 matrimonium

66 2397 181 2460 transire,
198 2394 251 2460 quia
264 2391 386 2446 diiiicilids
406 2396 575 2444 conuerteretur
594 2407 668 2456 uxor,
680 2393 754 2446 sciens
775 2408 800 2446 se
814 2394 870 2459 viro

67 2482 109 2521 suo
119 2469 240 2533 puramm.
255 2466 279 2517 Si
296 2468 372 2518 autem
387 2465 479 2516 nonsit
497 2477 550 2528 spes
566 2465 595 2518 de
607 2466 772 2528 conversione,
788 2469 866 2532 potest

67 2541 95 2591 ad
109 2552 186 2590 sacros
199 2538 292 2590 ordines
300 2537 339 2587 sel
352 2538 380 2590 ad
399 2536 533 2600 religionem
543 2537 668 2597 accedere,
678 2537 742 2601 prins
754 2539 865 2603 requisita

66 2625 136 2664 uxore
147 2614 172 2663 ut
183 2613 338 2663 convertatur.
347 2609 376 2660 itt
386 2614 442 2660 tuuc
451 2647 459 2672 ,
467 2609 492 2660 si'
499 2613 621 2674 postquam
633 2609 668 2660 vir
681 2623 756 2662 sacros
770 2611 862 2662 ordines
894 2659 897 2666 .

67 2683 186 2746 suscepit,
198 2696 257 2734 uxor
274 2684 434 2742 convertatur,
449 2683 543 2733 nonest
558 2678 581 2731 ei
598 2680 634 2731 vir
648 2693 703 2730 suus
720 2681 865 2742 reddendus,

8 2791 12 2804 .
68 2756 109 2808 sed
121 2755 187 2807 debet
200 2755 246 2808 sibi
260 2753 372 2818 imputare
385 2753 411 2804 in
423 2766 514 2818 punam
526 2753 598 2804 tardae
616 2750 792 2815 conversionis,
805 2751 867 2818 qutd

68 2828 119 2880 viro
130 2839 171 2880 sno
183 2825 294 2893 odiatur.

102 2973 135 3040 (t)
150 2977 181 3023 Ut
188 2955 273 3022 'nmio
286 2973 316 3022 dc
329 2973 455 3025 divortiis,
466 2983 522 3030 cup.
537 2971 651 3030 Quone,
661 2975 735 3031 natet.
761 2991 764 2996 ·
