1948 3312
210 109 240 146 DE
255 105 387 152 ousnlnlu
404 107 479 145 uultui
495 107 554 146 1³08!
570 109 689 149 lubicini-
796 113 840 166 091

41 181 162 244 credetur,
180 182 319 233 couveniens
334 188 368 234 cst
385 186 410 231 ut
428 181 487 233 sicut
500 183 568 234 bomo
587 183 758 248 glorificabitur,
774 187 807 238 sie
822 193 845 239 et

42 255 148 306 mundus
162 254 292 304 innovetur.
308 256 317 314 t

74 325 219 389 Respondeo
228 323 358 385 dicendum,
368 323 428 388 qndd
441 323 516 376 omnic
527 324 650 390 corporolia
664 329 756 390 propter
767 329 845 380 bomi-

43 409 98 447 nem
119 395 184 446 iectu
200 405 251 444 osse
272 394 404 457 creduntur3
419 393 480 446 unde
498 399 521 445 et
535 396 612 446 omnia
633 396 739 448 dicuntur
753 399 775 450 oi
790 399 845 450 sub-

44 469 106 530 jectu
115 465 165 530 (t).
184 465 291 516 Serriunt
309 467 385 515 auum
398 465 487 516 bomini
502 465 621 530 dupliciter
639 483 645 517 :
660 479 706 519 uuo
718 468 800 530 modo,
815 471 844 521 ed

45 535 238 589 sustentationem
247 533 369 598 corporcis
377 533 432 586 rito
440 549 448 598 ;
457 534 501 586 elio
510 536 623 600 modo‚nd
633 537 759 601 protectum
767 541 844 604 cogui-

44 607 119 659 tionis
132 605 231 667 dirine,
245 603 270 654 in
280 607 387 667 qnantum
400 605 467 655 bomo
483 615 550 669 oper
562 617 589 656 ee
598 619 649 671 quo
662 607 721 658 icoc
731 613 798 671 suut,
808 609 844 660 iu·

45 674 336 738 omniumomniuni,
352 691 366 724 n
381 674 496 727 uldicitur
510 675 591 731 born..
606 679 626 728 1.
641 679 717 732 Primo
734 691 788 744 erpo
802 681 844 730 mi·

45 745 144 800 nisterio
159 748 310 797 meetummm
323 747 391 798 bomo
406 744 545 808 gloriicrtus
558 747 619 800 nullo
633 749 700 801 modo
717 749 841 814 indigebit,

45 818 99 869 oiim
113 817 167 880 cius
177 827 260 879 corpus
268 815 299 866 oit
308 815 407 867 tutorum
419 816 511 868 omuino
522 816 700 882 incorruptibile,
712 819 789 872 diuini
797 821 845 871 rir-
871 821 877 835 ¹

44 891 95 939 tute
108 888 133 938 id
151 885 248 938 sedente
264 899 306 950 per
318 886 417 937 enimam
434 899 502 950 quem
519 885 648 941 immediati
667 890 783 954 glorificat.
801 891 845 942 So·

45 957 122 1009 cundo
141 957 210 1007 etiarn
229 954 353 1006 ministerio
367 969 413 1008 uon
427 955 537 1020 indigebit
555 960 622 1010 bomo
636 965 746 1024 qnantum
763 962 790 1012 ad
806 973 843 1013 co-

44 1028 175 1092 potionem
187 1026 363 1091 intellectivam,
378 1028 431 1091 quie
443 1027 484 1078 lcii
496 1026 625 1092 monitione
638 1030 708 1081 mum
719 1029 791 1082 sancti
803 1031 844 1082 ri·

45 1099 135 1150 debnm
151 1095 281 1149 immediati
289 1109 331 1162 per
339 1097 475 1160 esseulinm3
487 1099 528 1150 sed
536 1099 565 1148 ed
577 1100 636 1149 buno
644 1099 754 1150 visionem
765 1113 844 1152 ossen·

45 1167 85 1219 tin
97 1167 181 1220 oculus
196 1165 270 1218 munis
283 1165 394 1230 congere
407 1179 453 1220 uon
467 1166 560 1232 poterit.
574 1167 603 1217 ut
619 1167 679 1230 ideo,
691 1172 717 1218 ut
734 1169 756 1220 ei
773 1170 842 1221 etiem

45 1238 153 1290 solatium
171 1247 299 1302 congruens
308 1238 337 1289 de
346 1237 433 1289 visione
447 1238 573 1290 divinitatis
586 1238 723 1301 prebeatur,
735 1238 843 1302 inspiciet

46 1308 193 1360 diuinitatem
201 1309 227 1358 in
236 1309 283 1358 suis
292 1307 409 1360 enoettbns
418 1308 585 1372 corporalibus,
595 1308 620 1360 iu
631 1306 712 1372 quibus
723 1307 843 1360 nenton

45 1375 134 1430 indicte
152 1377 235 1430 diuino
253 1377 377 1443 majestatis
393 1379 547 1443 apparebunt,
565 1384 589 1429 ct
608 1377 721 1442 precipui
737 1378 843 1432 income

46 1448 149 1512 cincti,
163 1452 248 1512 etpost
260 1450 318 1511 boc,
332 1448 356 1500 in
372 1449 503 1513 corporibus
517 1449 649 1512 beatorum,
661 1453 687 1501 ot
699 1447 808 1513 deinceps
818 1450 842 1501 in

47 1519 156 1573 omnbus
168 1516 219 1569 aliis
228 1519 368 1583 corporibus.
384 1519 411 1570 Et
423 1519 476 1572 ideo
489 1519 603 1585 oportebit
613 1524 639 1570 ut
651 1519 720 1570 oliam
732 1519 776 1571 elie
793 1533 844 1574 cor·

47 1601 105 1656 pora
123 1588 232 1653 mojorem
249 1586 388 1640 induentium
402 1589 503 1640 idiriuo
520 1589 620 1642 bonitate
637 1589 763 1653 suscipient
775 1590 843 1656 quim

47 1673 126 1721 nuuc,
144 1671 191 1710 non
204 1663 281 1710 emen
300 1660 397 1723 speciem
414 1660 555 1723 rotantem,
571 1659 611 1710 sed
627 1659 746 1712 addentem
767 1661 844 1725 culus-

49 1735 103 1784 dam
114 1731 191 1796 glorio
205 1730 373 1796 perlectionem.
388 1731 415 1781 iit
431 1730 533 1782 boceril
546 1729 627 1782 mundi
640 1729 764 1782 innovatio.
780 1731 843 1783 Unde

48 1801 120 1854 sinum
133 1802 228 1852 mundus
239 1800 393 1863 innovabitur,
404 1805 426 1850 et
439 1802 506 1852 bomo
519 1799 689 1865 glorificabitur.

84 1873 117 1924 ld
132 1871 229 1936 primum
246 1883 300 1934 erpo
316 1869 448 1934 dicendum,
461 1870 520 1936 quod
535 1871 643 1924 solomon
656 1872 686 1923 ibi
699 1870 799 1935 montcue
813 1873 842 1924 do

51 1957 121 1994 cumn
135 1941 245 2005 uelurali3
256 1941 315 2005 qnod
327 1944 390 2006 patet
402 1953 431 1992 or
444 1943 487 1993 boc
499 1943 561 2006 quod
570 1941 688 1994 subdidere
705 1941 791 1993 ollilrii
801 1941 844 1993 sub

51 2011 102 2065 soie
114 2023 207 2062 nouum
219 2027 234 2060 o
246 2009 305 2062 Cim
322 2010 384 2062 euim
402 2011 436 2062 soi
453 2011 591 2066 circutmiter
609 2014 740 2073 morentur,
755 2013 845 2074 oportet

52 2095 82 2135 en
97 2095 148 2146 que
160 2080 214 2132 solis
226 2079 305 2132 ubtuli
317 2080 428 2142 subsunt„
442 2081 611 2132 obdurationem
628 2081 726 2144 ellonem
744 2080 843 2142 beberop

52 2165 107 2220 quo
119 2151 221 2202 consistit
231 2150 256 2200 in
267 2151 311 2200 boc
320 2149 380 2214 qudd
392 2150 430 2200 ille
444 2163 493 2215 qum
508 2150 695 2215 prominerent,
712 2149 794 2200 iterum
807 2159 843 2200 re·

90 2293 124 2358 lt)
138 2295 224 2354 ilempo
238 2295 326 2344 Plotio.
336 2295 466 2350 illiceto.
478 2293 494 2339 5
504 2300 527 2340 et
535 2305 613 2352 seqq„
625 2294 664 2339 nbi
673 2292 769 2340 dicitur:
778 2292 845 2349 (told

55 2359 165 2407 attonso
174 2356 336 2416 perdometur
345 2356 631 2414 coeioetdltoor'ntisarro
642 2355 718 2412 poarld
727 2355 808 2400 mistis
816 2354 845 2400 sd

55 2420 156 2480 Ampelio
169 2437 177 2464 .·
191 2419 272 2478 plocio
292 2422 313 2465 ct
326 2419 416 2464 tooure
436 2420 556 2463 coronasti
569 2429 639 2469 eume
659 2420 681 2462 el
700 2417 845 2462 constituisti

56 2495 112 2530 erem
125 2493 198 2540 super
216 2492 291 2540 opero
308 2490 426 2527 mosum
441 2485 557 2533 tuoraemr
572 2477 654 2524 omnio
667 2475 792 2534 subiecisti
802 2478 846 2523 eol

55 2541 158 2608 peditus
168 2544 230 2602 ojus.
244 2544 294 2589 Hoc
305 2543 366 2588 enim
380 2543 409 2587 ed
418 2539 518 2588 litterum
532 2540 665 2597 intelligitur
678 2551 706 2584 eo
718 2551 845 2597 sensuque

56 2609 141 2654 dictum
154 2611 204 2651 erat
216 2605 240 2651 in
253 2605 348 2656 Generi,
360 2605 436 2660 copi
451 2621 457 2648 :
468 2603 598 2648 Faciamus
611 2601 732 2646 bominem
745 2600 776 2646 od
786 2601 846 2647 imo·

56 2671 137 2730 piscem
149 2672 266 2722 nostrum,
283 2671 310 2712 ot
321 2667 423 2724 prosit,
441 2668 484 2710 etc.
503 2663 609 2718 Quemvis
622 2661 743 2722 allegorico
757 2663 846 2708 christo

57 2729 297 2846 nlppziicetssltptost‘ogrs
309 2761 314 2787 ‚
326 2730 347 2774 i.
368 2727 400 2774 od
418 2729 484 2782 cor„
498 2727 553 2787 xv,
570 2724 601 2769 ib
621 2731 646 2773 et
664 2725 793 2785 cupressinis
814 2725 845 2771 od

82 2809 93 2844 θ
124 2826 141 2845 υ
177 2825 186 2853 p
228 2803 241 2836 e
281 2822 287 2839 ι
