2024 3328
87 211 89 216 ι
130 147 174 196 191
288 157 490 208 suhhhmlll'lll,
503 155 596 204 ouusm
610 158 654 208 ux,
669 155 725 196 aur.
742 157 760 194 r.

128 235 209 290 mulier
222 238 314 300 praestat
329 243 433 298 magnam
452 233 594 286 occasionem
607 233 696 300 perusti
712 233 762 284 uiro
777 244 837 294 suo,
850 234 876 283 ut
889 232 925 284 vir

127 307 271 371 probabiliter
284 306 329 358 sihi
342 308 370 357 de
381 306 483 371 periculo
504 305 600 366 timeat;
614 311 670 356 tunc
689 304 750 358 euim
762 303 797 356 uir
809 307 885 369 potest
897 318 924 357 sc

127 379 259 429 subtrahero
272 380 301 430 ab
309 379 360 445 ojus
372 379 543 430 conuersatione
552 415 561 441 ‚
570 383 596 429 ut
607 378 694 428 dictum
707 381 750 428 est

159 450 192 500 ud
206 454 310 514 quartum
324 450 459 514 dicandum,
470 451 529 514 quod
543 450 634 502 auaritia
647 449 730 501 dicitur
739 449 865 502 idololatria
881 463 924 514 per

127 521 246 584 quamdam
265 521 436 574 similitudinem
459 523 592 584 seruitutis,
606 521 659 586 quia
682 524 728 572 tam
746 525 832 571 'auarus
854 521 923 584 quam

125 591 243 643 idololatra
258 592 336 657 putidus
347 593 420 646 servit
436 597 547 645 creaturae
565 593 634 658 quarn
647 591 765 651 creatori;
785 604 832 643 uon
845 595 926 643 autem

126 675 167 726 per
185 661 357 716 similitudinem
369 665 586 729 irrhdelitatis,quia
603 664 718 730 corruptio
734 663 875 715 infidelitatis
887 667 926 715 est

125 734 150 786 in
163 733 281 788 intellectu
288 773 298 800 ‚
313 737 354 789 sed
367 737 469 806 auaritia
486 742 523 788 est
533 737 559 788 iu
571 736 663 788 adiectu.

157 808 192 858 dd
204 806 308 870 quintum
316 808 451 870 dicendum,
465 809 525 874 quod
537 808 607 860 uerba
616 808 716 873 daphni
725 810 778 858 sunt
791 807 926 872 accipienda

126 879 155 930 de
171 879 329 944 sponsalibus,
344 879 503 947 quiapropter
519 881 604 933 crimen
624 879 787 946 superueniens
809 880 926 946 sponsalia

126 951 185 1004 solvi
200 957 304 1016 possunt.
318 954 369 1017 Vel,
384 955 405 1005 si
416 955 521 1019 loquatur
534 955 561 1005 dc
576 953 733 1015 matrimonio,
749 952 924 1017 intelligendum

126 1027 162 1074 est
182 1023 210 1076 de
229 1024 372 1090 separatione
386 1025 400 1075 'a
413 1027 528 1078 murmurii
540 1025 754 1078 conversacionem
768 1029 877 1089 tompus,
898 1029 925 1076 ul

126 1093 210 1146 dictum
222 1101 270 1160 est;
281 1097 319 1148 uel
328 1099 419 1162 quaudo
430 1111 487 1149 uxor
497 1111 543 1150 nou
554 1100 605 1149 uult
614 1097 742 1150 cohabitare
751 1096 798 1147 nisi
808 1097 858 1147 suh.
865 1109 924 1147 cou-

125 1166 209 1220 dilioue
221 1169 341 1233 peccandi,
348 1173 374 1219 ut
382 1167 433 1219 ulum
445 1169 515 1221 dicit:
530 1186 544 1218 u
556 1171 607 1222 Noa
621 1183 659 1223 eru
670 1183 728 1222 uxor
741 1172 795 1232 tua,
809 1169 855 1220 uisi
864 1169 921 1220 nihi

124 1239 153 1290 de
166 1240 284 1292 latrocinio
296 1239 388 1291 diuitias
401 1253 541 1306 congregem
556 1257 570 1290 u
584 1246 639 1294 tuno
654 1242 715 1300 euim
728 1240 805 1308 potitus
818 1255 868 1293 eam
884 1242 925 1294 dc-

125 1311 164 1364 bet
176 1313 304 1377 dimittere,
317 1312 387 1378 quarn
398 1313 514 1364 lahocinia
527 1327 643 1366 exercere.

400 1655 563 1742 oduario
581 1659 643 1727 uu.

243 1802 278 1848 De
290 1803 450 1854 uecors'cu'dc'o,
461 1805 491 1850 iu
503 1803 564 1850 duos
574 1803 693 1850 uutdouloc
705 1801 794 1849 diuiso.

155 1952 241 2005 lleinde
253 1945 440 2004 considerandum
454 1954 489 2002 est
502 1951 530 2002 do
543 1951 676 2004 uxoricidio.

154 2025 218 2076 Circa
232 2023 291 2088 quod
305 2026 436 2087 queruntur
449 2021 493 2072 duo
509 2021 561 2085 (lle
574 2027 599 2073 κι
608 2023 688 2074 Utu'rm
698 2023 722 2075 in
736 2023 811 2088 aliquo
825 2037 881 2078 casu
896 2027 925 2078 li·

58 2111 63 2118 ·
123 2103 175 2150 oeat
192 2109 287 2148 uxorem
307 2095 418 2148 occidere.
433 2099 460 2144 2⁰
474 2093 554 2146 lltrhur
567 2096 723 2149 'uxorioidium
748 2097 925 2152 matrimonium

121 2169 239 2236 impediat.

422 2275 579 2333 saliculos
595 2277 614 2328 l.

180 2402 264 2450 verbm
284 2403 355 2450 ducat
373 2413 471 2448 aucorem
488 2404 622 2467 interficere
635 2405 663 2452 tc
677 2408 734 2452 colu
751 2406 867 2452 adultam

433 2465 610 2522 deprehensum.

152 2593 185 2644 hd
199 2591 299 2658 primum
307 2592 343 2644 sic
356 2591 493 2658 proceditur.
503 2593 598 2646 Videtur
609 2594 671 2660 qudd
683 2595 750 2647 liceat
760 2596 810 2648 uiro
823 2609 919 2654 uxorum

119 2665 246 2718 interlicere
264 2666 289 2716 lu
303 2668 357 2717 actu
375 2665 478 2720 adulterii
500 2668 673 2732 deprehensam.
688 2670 735 2720 Lon
756 2669 816 2720 enim
840 2671 921 2726 diuina

120 2737 229 2804 pracepit
241 2736 355 2790 adulteras
367 2737 473 2804 lapidari.
487 2739 533 2790 Sed
553 2739 590 2790 ille
604 2740 644 2804 quui
662 2740 735 2804 legem
749 2739 851 2816 diuinam
863 2756 919 2798 exe·

156 2867 188 2933 (1)
201 2873 237 2920 hx
250 2873 294 2920 lv.
306 2871 384 2926 Soet„
399 2871 507 2932 disc-³7,
520 2884 560 2932 qu.
574 2874 605 2934 h,
618 2878 663 2922 art.
678 2871 691 2920 l
706 2880 731 2938 et
742 2885 791 2934 seq.
