2024 3328
143 171 190 220 lit
301 179 505 230 surrnnmnnruu,
522 178 613 225 onmsr.
630 179 670 230 ur,
687 179 743 216 aar.
762 180 786 216 x.

94 306 100 318 x
175 257 420 322 (condumum-Ne
433 255 577 320 illegitimum
597 267 638 318 prc
657 255 759 318 legitimo
775 253 899 315 habeatur,
924 253 958 304 ad

143 328 311 394 separationem
328 327 468 378 matrimonii
481 327 543 377 iuter
553 326 737 389 consanguineos
752 329 776 376 et
797 325 879 376 aibnes
893 335 957 374 cou-

146 399 212 450 tracti
225 412 266 462 per
278 397 339 449 riam
351 397 506 448 accusationis
520 397 687 461 procedendum
701 399 744 446 est.
757 396 765 460 )

172 469 306 533 despondeo
324 469 461 532 dicendum,
472 467 534 532 qndd
547 467 662 518 accusatio
676 467 702 516 ad
716 469 760 517 lroc
773 470 809 517 est
823 464 953 530 instituta,

110 591 112 598 ,
145 553 176 592 nc
198 539 280 603 aliquis
304 539 442 590 sustineatur
463 538 529 602 quasi
545 538 669 600 innocens,
689 537 728 600 qui
753 537 842 601 culpam
865 536 954 586 habet.

145 611 210 664 Sicut
224 613 299 661 autem
318 623 347 660 ex
361 609 488 673 ignorantia
507 608 563 658 lacti
581 606 693 671 contingit
704 606 762 672 qubd
780 607 863 671 aliquis
876 607 954 658 homo

146 684 265 744 reputatur
283 681 409 742 innocens,
423 679 463 742 qui
477 679 501 728 in
519 678 584 742 culpa
602 685 649 740 est,
666 677 698 728 ita
712 691 740 728 er
756 677 885 740 ignorantia
907 676 956 727 ali-

148 752 215 817 cujus
231 751 406 802 circumstantia
420 750 533 814 contingit
549 749 609 813 qubd
624 749 713 812 aliquod
726 750 811 799 iactum
827 752 958 813 reputatur

145 820 233 874 licitum
242 823 332 886 ,quod
352 825 388 874 est
404 821 518 872 illicitum.
533 821 563 870 Et
583 820 648 882 ideo,
664 819 722 871 sicut
739 821 808 870 bomo
827 823 959 873 accusatur

147 896 298 959 quaudoque,
311 894 343 944 ita
363 892 485 943 attactum
500 892 574 956 ipsum
588 892 688 942 accusari
706 895 791 956 potest.
806 891 881 941 atsto
896 903 956 940 ma-

148 965 279 1015 trimonium
289 968 416 1026 accusatur,
430 964 521 1028 quando
534 962 782 1027 propterignorantiam
790 961 956 1027 impedimenti

146 1035 302 1087 estimabatur
314 1034 450 1098 legitimum,
465 1034 524 1096 quod
540 1036 574 1084 est
587 1033 740 1098 illegitimum.

178 1107 212 1156 lid
228 1104 326 1169 primum
341 1118 394 1168 ergo
411 1101 547 1166 dicendum,
561 1105 622 1168 qubd
638 1105 745 1169 obligatio
759 1105 787 1156 ad
800 1116 895 1168 prauam
910 1107 955 1154 ta-

146 1177 215 1228 lionis
234 1177 302 1228 habet
322 1177 411 1236 locum,
425 1175 515 1238 qnando
533 1179 653 1226 accusatur
674 1190 772 1240 persona
792 1178 819 1227 de
835 1174 952 1239 crimine,

146 1247 200 1312 quia
216 1252 272 1298 tunc
292 1247 365 1311 agitur
380 1249 407 1298 ad
422 1246 564 1311 punitionem
578 1249 642 1312 ejus3
659 1249 699 1298 sed
716 1247 807 1311 quando
829 1249 956 1296 accusatur

147 1318 241 1383 lactum,
254 1322 309 1370 tunc
318 1331 364 1368 non
376 1316 450 1381 agitur
461 1319 487 1367 ed
499 1331 591 1382 poenum
601 1317 719 1380 facientis,
729 1320 767 1370 sed
781 1319 809 1369 ad
820 1316 955 1380 impedien-

147 1389 200 1445 dum
211 1391 255 1441 boc
268 1391 328 1454 quod
348 1393 384 1440 est
396 1389 509 1438 illicitum.
526 1391 554 1441 Et
563 1390 614 1440 idco
627 1389 650 1438 in
665 1389 810 1440 matrimonio
828 1392 953 1438 accusator

147 1473 194 1512 non
209 1475 234 1511 se
246 1461 330 1524 obligat
341 1461 368 1508 ad
384 1459 481 1522 aliquam
500 1473 605 1524 poenam3
619 1462 659 1511 sed
673 1460 726 1510 talis
739 1459 855 1511 accusatio
867 1461 953 1523 polest

148 1533 172 1580 et
185 1530 261 1581 uerbis
275 1533 298 1580 ct
312 1529 397 1592 scripto
411 1531 460 1580 lieri
468 1567 476 1594 ,
487 1530 519 1582 ita
532 1531 592 1595 qubd
604 1531 753 1596 exprimatur,
764 1534 787 1582 et
800 1543 897 1595 persona
911 1542 956 1580 ac-

148 1613 244 1664 cusans,
264 1606 287 1652 ct
304 1601 474 1653 matrimonium
492 1603 551 1667 quod
570 1605 704 1665 accusatur,
717 1605 740 1653 ct
756 1601 950 1667 impedimentum
991 1635 995 1654 a

149 1673 313 1738 propterquod
327 1674 456 1723 accusatur.

180 1744 214 1794 dd
225 1745 348 1794 secundum
366 1743 500 1803 dicendum,
518 1743 579 1807 quod
601 1743 703 1795 extranei
718 1757 765 1795 uon
779 1745 875 1809 possunt
888 1742 953 1792 scire

148 1815 370 1878 consanguinitatem
389 1815 434 1865 nisi
452 1829 493 1878 per
507 1815 704 1877 consanguineos,
720 1815 844 1878 dequibus
862 1813 952 1877 proba-

147 1883 215 1934 bilitas
229 1885 337 1950 estquod
350 1886 429 1936 sciant.
444 1886 508 1936 Unde
522 1886 613 1948 quando
625 1885 670 1948 ipsi
682 1889 776 1950 tacent,
791 1883 891 1948 suspicio
906 1885 951 1934 lra-

148 1954 215 2006 betur
227 1959 305 2006 contra
322 1961 455 2007 extraneum
473 1953 533 2018 quod
546 1967 575 2004 cx
590 1955 749 2006 malevolentia
766 1956 887 2020 procedat,
903 1955 952 2006 nisi

149 2038 191 2090 per
205 2027 386 2092 consanguineos
398 2026 492 2090 probare
506 2025 614 2088 volucrit3
628 2026 688 2076 unde
704 2028 821 2090 repellitur
836 2027 863 2076 ab
876 2038 951 2076 accu-

150 2097 253 2162 satione,
266 2099 356 2162 qunndo
377 2101 431 2147 sunt
448 2095 611 2159 consanguinei
631 2098 671 2160 qui
687 2101 778 2162 tacent,
798 2101 820 2148 et
838 2111 878 2161 por
890 2110 950 2160 qnos

149 2169 245 2233 probare
261 2183 305 2220 non
324 2173 410 2232 potest.
429 2168 474 2218 Sed
487 2169 664 2230 consanguinei,
680 2173 884 2232 quantumcumque
902 2168 950 2220 sint

147 2241 288 2305 propinqui,
303 2253 350 2290 nou
364 2239 503 2304 repelluntur
514 2239 542 2288 ab
557 2239 714 2302 accusatione,
729 2241 819 2304 quando
833 2243 949 2291 accusatur

150 2312 320 2363 matrimonium
332 2315 426 2376 propter
435 2309 525 2373 aliquod
536 2311 726 2374 impedimentum
736 2316 879 2376 perpetuum,
889 2309 950 2373 quod

153 2381 252 2446 impedit
272 2382 464 2442 contrabendum,
485 2383 509 2430 ct
526 2380 612 2431 dirimit
630 2385 783 2444 contractum;
803 2383 840 2432 scd
862 2380 949 2445 quando

151 2459 271 2505 accusatur
283 2469 312 2506 ex
330 2459 373 2506 hoc
386 2454 446 2520 quod
466 2454 550 2504 dicitur
565 2467 611 2506 non
634 2456 706 2506 luisse
726 2459 878 2516 contractum,
895 2459 949 2506 tunc

150 2529 257 2589 parentes
272 2529 380 2589 tanquam
395 2524 494 2589 suspecti
504 2528 557 2575 sunt
570 2526 706 2590 repellendi,
717 2527 761 2576 nisi
776 2529 876 2590 exparte
888 2526 949 2579 illius

151 2595 191 2660 qui
212 2598 249 2645 est
264 2595 358 2647 inlcrior
372 2597 482 2660 dignitate
499 2600 523 2646 et
540 2595 625 2647 divitiis
636 2635 643 2658 ,
655 2597 685 2647 de
706 2597 789 2661 quibus
805 2597 947 2662 probabiliter

150 2667 258 2718 aestimari
275 2671 365 2733 potest,
388 2668 448 2733 qubd
470 2668 566 2718 libenter
588 2668 674 2720 uellent
697 2668 755 2733 qubd
783 2669 947 2721 matrimonium

156 2741 234 2789 staret.

180 2811 215 2862 Ad
232 2809 324 2860 tertium
347 2811 468 2862 dicendum
481 2849 488 2874 ,
500 2811 560 2874 qubd
574 2813 595 2863 si
614 2811 784 2864 matrimonium
804 2813 899 2864 nondum
917 2811 944 2863 sil

152 2887 305 2946 contractum,
321 2883 361 2933 sed
375 2882 489 2948 sponsalia
501 2884 589 2936 tantbm
597 2923 604 2950 ,
620 2898 667 2937 non
681 2887 757 2949 potest
767 2885 883 2950 accusari,
895 2885 944 2950 quia

17 3121 21 3254 i
78 3168 214 3254 Α
