1966 3304
115 115 162 163 256
251 123 453 174 conmonuemus,
470 93 649 176 consanum,
666 123 721 162 aar.
741 125 784 178 rna·

116 215 164 252 non
172 214 201 252 ex
212 205 276 266 parte
286 203 379 267 sponsi,
389 203 417 253 acl
425 203 470 254 hoc
478 201 539 266 qnbd
549 202 631 270 aliquis
642 202 764 268 episcopus
772 200 822 252 ficri
831 201 915 266 possit.
970 259 971 262 Ἴ

116 273 161 323 Sed
170 274 220 324 bec
230 273 288 323 ratio
301 277 337 324 est
350 273 458 338 expresse
472 277 551 325 contra
562 273 696 338 Apostolum
710 274 739 323 ad
754 275 860 337 prec„
875 270 894 322 v
911 288 919 322 ι
970 299 971 330 3

120 361 135 392 c
145 343 193 394 Viri
208 344 296 408 diligite
307 357 389 395 uxores
400 348 505 406 veslraS,
519 343 578 395 sicut
592 348 614 395 et
627 343 731 394 Christus
744 343 824 396 dilexit
840 345 920 396 Ecnle-
970 387 971 390 ,

118 416 192 478 siam;
208 432 221 463 n
241 428 270 466 er
286 429 331 479 quo
345 420 439 480 apparet
451 415 514 478 qubd
533 429 601 466 auor
613 413 727 480 significat
741 416 884 480 Ecclesiam,
897 419 921 467 et
970 429 971 462 r

117 502 222 552 sponsus
232 486 356 538 Christum.
368 487 398 538 Et
414 487 514 538 ilerum:
531 487 666 547 «Quoniam
679 487 715 537 vir
731 491 802 554 caput
815 492 851 538 est
865 503 921 539 mn·

117 559 195 622 lieris,
207 559 267 610 sicul
281 557 386 610 Christus
398 563 468 624 caput
480 563 518 610 est
533 559 651 612 Ecclesiae.
663 576 676 617 o
691 559 721 609 Et
731 559 782 612 ideo
794 559 833 610 alii
842 559 922 611 dicunt
970 597 971 626 p

119 629 181 694 quod
192 643 233 696 per
242 643 350 695 sponsum
361 629 500 694 significatur
513 631 617 682 Christos
626 668 633 692 ,
642 645 683 697 per
694 644 800 696 sponsam
813 631 922 688 Ecclesia
970 689 971 692 Ἴ

120 703 277 768 triumphans,
291 703 316 752 iu
329 715 373 766 qua
388 716 436 754 non
455 707 491 754 est
511 703 587 770 aliqua
602 703 704 768 macula3
717 702 829 766 Christus·
843 707 920 754 autem
970 693 971 732 l

121 774 201 824 babuit
219 773 293 838 primb
311 787 449 840 synagogam
469 775 536 839 quusi
554 775 702 827 concubinam
711 791 720 840 ;
734 779 758 827 et
769 775 803 826 sic
815 788 863 826 nou
879 775 922 827 iol·

121 845 175 898 litor
187 846 271 911 aliquid
282 848 310 898 de
323 847 461 912 perfectione
473 847 648 912 significationis
662 847 815 909 sacramenti,
825 847 846 898 si
856 847 923 912 pribs

122 919 201 970 babuit
212 932 311 984 sponsos
323 919 478 971 concubinam.
490 919 533 970 Sed
543 921 587 970 lroc
596 926 631 970 est
640 917 706 970 valde
716 919 847 982 absurdum
857 919 922 984 qma,

123 990 183 1042 sicot
194 995 230 1042 est
239 1005 286 1042 una
299 991 355 1042 fides
367 992 511 1056 antiquorum
526 996 549 1043 et
558 993 731 1056 modernorum,
743 991 779 1041 ila
790 991 923 1044 unaEccle·

124 1067 168 1127 sla3
186 1064 247 1115 unde
259 1063 294 1114 illi
308 1063 347 1128 qui
359 1067 462 1128 tempore
475 1077 598 1129 synagoge
612 1065 658 1114 lieo
670 1062 808 1125 serviebant,
823 1063 852 1114 ad
868 1063 922 1115 nni·

123 1138 194 1204 tatem
212 1135 320 1188 Ecclesia
339 1136 363 1187 in
380 1147 424 1202 qua
441 1136 488 1188 Deo
498 1136 615 1192 servimus
627 1174 634 1198 ,
648 1134 801 1200 pertinebant.
816 1135 845 1184 Et
862 1149 924 1200 prae·

123 1210 246 1270 terea,hoc
255 1211 290 1259 est
307 1207 415 1272 expressi
424 1210 504 1272 contra
512 1207 568 1258 illud
582 1207 642 1272 qood
655 1207 758 1270 babetur,
769 1207 923 1272 Jercm.,lll;

123 1281 225 1342 Ezeclc„
240 1279 289 1334 XVl
302 1319 310 1342 ,
322 1285 346 1331 ct
361 1281 442 1345 Oscae,
457 1281 491 1344 ll,
507 1279 546 1330 ubi
562 1277 668 1344 expresse
684 1278 709 1328 fit
724 1277 810 1330 mentio
825 1278 854 1330 tle
870 1279 925 1330 des-

123 1353 257 1416 ponsatione
276 1365 398 1418 synagoge
419 1354 501 1410 ¹:crude
520 1365 565 1402 non
583 1351 627 1400 luit
646 1350 707 1401 sicut
724 1349 867 1414 concubina,
883 1351 925 1402 sed

125 1426 188 1490 cicun
196 1439 261 1477 uxor.
272 1425 302 1475 ut
313 1429 438 1489 practerea,
450 1423 630 1486 secundumhoo
644 1421 763 1474 lomicatlo
776 1426 838 1474 esset
849 1435 927 1474 sacra·
970 1425 971 1432 ’

124 1501 226 1550 mentum
246 1497 308 1548 illius
331 1497 516 1562 conjunctionis3
537 1497 599 1562 quod
619 1500 655 1548 est
675 1495 804 1546 absurdum.
826 1495 856 1545 lit
873 1494 926 1546 ideo

125 1569 257 1634 Gentilibus,
271 1569 403 1634 priusquam
421 1569 600 1634 vdesponsaretur
618 1567 730 1620 lebrislo
745 1567 769 1617 in
782 1565 826 1618 lide
841 1566 928 1642 Eccle-

126 1644 180 1708 sia,
194 1647 300 1708 corrupta
320 1641 363 1693 luit
376 1641 489 1695 idiabolo
504 1656 546 1708 per
562 1641 720 1703 idololatriam.
740 1641 770 1691 Et
788 1639 839 1690 ideo
858 1639 930 1698 aliter¹

125 1713 246 1766 licendum
266 1715 326 1779 qubcl
346 1714 488 1766 delectasio
502 1717 553 1780 ipso
567 1718 708 1766 sacramento
723 1715 801 1764 causat
814 1711 930 1774 stragula.

126 1786 223 1836 niumm.
239 1787 360 1851 corruptio
376 1791 452 1838 antem
471 1787 545 1838 carnis
568 1791 632 1838 extra
651 1784 821 1837 matrimonium
836 1783 928 1836 conlin-

127 1871 198 1921 geus,
210 1873 261 1922 qum
271 1860 388 1922 praecessit
401 1857 587 1923 matrimonium,
600 1859 688 1913 nubum
707 1856 821 1912 delectum
832 1853 889 1908 iacit
901 1857 928 1908 in

126 1932 268 1982 sacramento
283 1934 386 1995 exparte
404 1929 499 1982 illiusin
510 1945 555 1994 quo
569 1934 605 1982 est
618 1930 746 1995 corrupli03
761 1929 801 1982 secl
814 1928 868 1980 lacit
883 1929 928 1981 de·

128 1999 214 2056 lectum
232 2015 261 2052 ex
281 2006 346 2066 parte
364 2001 471 2065 alterius,
484 2001 538 2065 quia
555 2007 620 2052 actus
634 2001 794 2056 contrahentis.
806 1998 929 2052 matrimo-
953 2047 956 2056 ,

122 2073 193 2124 nium
207 2086 255 2124 non
268 2072 330 2124 cadit
343 2086 412 2138 supra
428 2073 536 2138 seipsum,
549 2075 592 2124 secl
601 2087 669 2139 supra
678 2075 787 2140 alternum
797 2077 820 2126 et
836 2072 889 2126 idco
899 2086 930 2124 ex

127 2144 227 2197 termino
243 2144 395 2210 specificatur,
405 2143 445 2210 poi
459 2144 527 2196 etiam
540 2149 576 2196 est
587 2151 690 2211 respectu
703 2147 765 2198 illius
779 2149 842 2198 aolus
862 2145 930 2210 quasi

128 2218 224 2270 materia
239 2219 383 2270 sacramenti.
397 2217 479 2280 Unde,
491 2215 604 2270 mmulier
615 2222 675 2270 esset
688 2219 774 2270 ordinis
784 2218 927 2282 susceptiva,

130 2289 188 2343 sicut
199 2289 339 2342 eliciturvir
350 2289 519 2354 irregularitas
533 2291 577 2342 boc
587 2290 647 2355 qubd
661 2291 723 2340 oum
731 2303 824 2341 osorem
836 2303 930 2354 corrup-
970 2295 971 2327 l

129 2363 190 2423 tam,
203 2377 250 2416 non
268 2368 344 2415 autem
366 2377 394 2414 ex
406 2365 451 2415 boc
469 2363 530 2430 quod
543 2367 661 2430 corruptus
678 2364 803 2426 contrabit3
821 2363 929 2414 liaberet
970 2339 971 2430 i

131 2435 212 2488 mulier
225 2435 366 2501 irregularis,
379 2436 400 2486 si
414 2437 555 2488 contraheret
566 2450 617 2489 cum
630 2439 750 2500 corrupto,
760 2448 805 2490 nou
817 2439 892 2486 antem
908 2435 929 2486 si

131 2511 274 2629 {contraheret
291 2513 408 2574 corrupta,
427 2509 474 2560 nisi
485 2508 511 2560 in
526 2509 572 2560 alio
589 2507 732 2560 matrimonio
744 2506 807 2572 prius
824 2510 928 2572 corrupta
970 2539 971 2588 p

143 2577 221 2630 uisset.

165 2656 194 2706 llt
207 2657 301 2720 perluor
313 2658 376 2720 patet
390 2651 472 2705 solutio
485 2653 519 2704 lld
531 2653 638 2718 primum.
738 2661 741 2668 '

166 2727 201 2807 bel
216 2725 339 2777 morsuum
363 2725 498 2806 dicendum,
512 2721 573 2788 qubd
587 2723 610 2774 in
628 2724 670 2774 tali
689 2737 751 2808 casu·
763 2728 816 2807 aunt
833 2689 929 2779 diversae
970 2725 971 2814 p

136 2798 265 2864 opiniones.
277 2795 363 2850 Tamen
378 2795 515 2862 probabilius
530 2798 569 2849 eal,
585 2796 646 2860 qubd
667 2809 713 2848 non
733 2801 764 2850 art
784 2799 928 2862 sueonum,
970 2817 971 2865 p

137 2871 191 2938 quia
208 2881 323 2922 «emnem
335 2882 400 2922 suam
411 2882 459 2925 nou
470 2867 547 2924 ursit
561 2867 587 2920 in
597 2867 681 2934 plures.
695 2883 711 2916 u
970 2871 971 2944 l
