1980 3320
134 152 163 200 it
279 163 480 213 surrnnururuu,
499 161 592 208 oumsr.
609 162 678 210 xnrr,
695 162 750 201 aur.
769 163 784 198 1.

389 375 552 446 QUAESTIO
571 376 676 442 XLVI.

137 523 172 569 De
185 534 302 567 consensu
313 521 355 565 eui
369 519 468 565 advenit
479 519 695 576 juramentoriam
709 521 798 577 copulo
812 522 951 574 earnalis,

367 595 397 638 iu
408 593 468 637 duos
477 592 595 638 ortieuioe
608 592 697 637 diuisa.

167 747 457 799 Deindeoonsiderundum
472 751 508 798 ast
528 747 555 797 de
570 757 684 797 consensu
706 746 743 795 eui
762 745 854 796 advenit
866 746 950 810 juru-

135 824 236 870 mentum
252 819 290 870 vei
302 820 383 883 copule
402 817 506 868 carnaiis.

166 891 229 943 Circa
242 891 302 954 quod
318 893 448 953 quaeruntur
459 889 502 938 duo
518 889 552 952 (t)
569 904 575 938 :
591 891 618 938 1υ
630 887 709 938 Uirium
726 889 882 951 jurameutum
894 893 945 940 ad-

134 965 238 1027 junctum
252 961 374 1012 consensui
388 973 431 1024 per
445 961 515 1010 uerba
531 961 560 1010 de
577 959 653 1010 tuturo
665 972 789 1023 expresso,
807 960 875 1010 iaciat
888 975 947 1011 ma-

135 1032 273 1084 trimonium.
289 1037 316 1082 2⁰
326 1031 405 1082 Utrirm
419 1032 500 1094 oopuia
511 1030 620 1094 carnaiis,
636 1030 710 1081 eidem
727 1031 849 1082 consensui
864 1033 948 1083 adve-

136 1103 218 1167 niens,
234 1102 302 1154 iaoiat
316 1102 493 1154 matrimonium.

436 1281 596 1334 ARTICULUS
612 1281 631 1332 Ι.

167 1414 426 1470 varumjarumnuum
442 1413 583 1467 udjranotum
596 1412 720 1456 consensui
735 1411 860 1468 perverto
881 1414 912 1458 cie

277 1477 363 1528 futuro
380 1487 497 1532 expresso,
507 1475 586 1529 sociat
602 1475 791 1520 matrimonium.

166 1609 199 1660 riri
212 1608 311 1672 primum
332 1605 364 1657 sio
384 1605 520 1669 proceditur.
535 1603 628 1654 Videtur
641 1604 701 1668 quod
714 1605 869 1667 jnramentum
890 1610 940 1659 ad-

134 1681 238 1746 junctum
253 1677 373 1730 consensui
389 1689 430 1742 per
444 1677 513 1727 verbu
525 1677 553 1726 de
568 1676 644 1726 tuturo
657 1689 780 1740 expresso,
795 1675 866 1726 faeiat
887 1693 942 1730 rua.

135 1751 276 1802 trimonium.
285 1751 365 1800 Nullus
376 1749 436 1800 enim
448 1751 524 1812 potest
538 1761 563 1798 se
577 1747 675 1810 obligare
688 1752 714 1797 ut
726 1747 794 1798 furiat
805 1752 883 1797 contra
897 1751 943 1814 jus

136 1821 246 1873 diuinum.
267 1821 311 1870 Sed
333 1820 428 1883 impiere
445 1820 600 1884 jurameutum
612 1856 619 1877 ‚
633 1822 668 1869 esi
685 1821 713 1870 de
733 1820 784 1884 jure
805 1817 897 1880 diuino,
913 1829 944 1875 ut

137 1895 200 1958 patet
219 1890 353 1948 Mottir.,v
369 1905 401 1939 :u
413 1889 502 1939 Reddas
518 1892 593 1939 autem
608 1889 705 1940 Domino
717 1889 846 1953 juramenta
857 1894 906 1943 tua.
924 1911 942 1941 u

136 1965 195 2027 Ergo
208 1974 247 2027 per
259 1961 345 2011 nuliam
354 1959 516 2024 obligationem
530 1963 662 2024 sequentem
678 1965 755 2024 potest
767 1960 858 2011 euenire
875 1963 941 2025 quod

138 2036 205 2084 horno
219 2045 266 2082 non
280 2033 360 2082 debeat
372 2031 468 2095 inplere
480 2031 635 2094 juramentum
646 2032 710 2098 pitius
723 2032 815 2082 tautum.
832 2032 856 2080 Si
877 2045 939 2098 ergo

136 2107 189 2168 post
204 2116 342 2158 eonsensum
358 2103 381 2151 in
404 2101 500 2164 aliquam
516 2115 557 2166 per
573 2102 642 2152 uerba
656 2104 684 2154 de
698 2103 789 2166 furtum,
804 2104 939 2167 juramento

138 2176 268 2238 firmatum,
284 2173 365 2237 uliquis
385 2173 450 2224 alteri
465 2186 492 2224 se
512 2173 598 2236 obligat
615 2175 742 2239 perreriae
760 2176 788 2226 rie
805 2178 937 2242 presenti,

138 2246 227 2297 videtur
246 2245 306 2309 quod
327 2244 475 2296 nihilominus
496 2246 577 2295 debeat
594 2246 748 2309 juramentum
763 2247 862 2309 primum
886 2261 938 2300 ser-

137 2328 201 2367 uare.
218 2316 263 2366 Sed
279 2318 324 2366 hoo
336 2327 383 2365 uon
395 2320 472 2378 esset,
487 2315 532 2366 nisi
543 2315 582 2367 illo
596 2316 726 2380 juramento
744 2319 805 2367 esset
818 2317 939 2370 matrimo-

138 2386 200 2437 nium
211 2386 266 2436 illud
280 2387 416 2451 perfeetum.
429 2389 486 2451 Ergo
499 2387 653 2451 jurameutum
665 2387 797 2451 adiunctum
810 2391 938 2441 consensui

135 2471 176 2520 per
189 2457 258 2507 rerba
274 2459 302 2509 do
319 2459 408 2520 futuro,
421 2458 477 2508 fauit
490 2457 667 2508 matrimonium.

167 2533 190 2578 m.
215 2529 341 2592 Praeterea,
353 2529 437 2580 ueritas
456 2528 532 2580 diuina
552 2529 631 2580 tortior
647 2532 683 2580 est
701 2529 769 2593 quim
788 2531 872 2581 veritas
893 2533 938 2584 hu-

136 2613 212 2666 meua²
229 2600 273 2652 Sed
290 2615 331 2665 per
347 2602 501 2670 juramepium
515 2600 612 2652 ueritate
625 2600 702 2651 diuina
720 2601 820 2652 sumatur
840 2602 934 2666 aliquid.

138 2669 197 2720 Cium
217 2683 270 2734 ergo
295 2674 364 2723 uerba
384 2671 537 2736 exprimentia
560 2684 695 2722 eonsensum
717 2673 745 2722 de
771 2674 891 2736 praesenti,
911 2677 936 2728 in

136 2742 222 2804 quibus
232 2747 268 2793 est
279 2743 326 2794 sola
339 2743 423 2794 ueritas
436 2744 553 2802 humana,
569 2742 739 2794 matrimonium
752 2743 885 2808 perficiant,
900 2747 937 2796 vi·

137 2903 139 2922 a
173 2884 204 2948 (1)
220 2889 400 2950 Ex1V‚Semt.,
416 2888 470 2937 dist.
480 2886 519 2947 28,
535 2900 574 2945 qu.
586 2886 608 2948 i,
624 2893 667 2936 art.
681 2887 693 2932 1
709 2892 733 2935 et
746 2889 769 2936 i.
