1968 3294
174 109 219 158 noo
310 114 508 162 corruamus,
521 113 615 160 cumr.
627 113 685 153 xnus
695 137 702 166 ‚
713 115 770 154 aar.
787 117 825 156 ιι.

170 195 210 244 illa
222 195 257 244 est
269 192 382 257 preoipua
395 189 682 254 denunciandum
694 194 890 256 demtionem
898 209 964 261 „qu

169 264 197 313 ad
211 267 304 313 mortem
317 262 463 313 sustinemus.
473 261 537 312 Unde
547 263 570 312 et
583 262 734 325 martyribus,
744 264 785 326 oui
795 263 825 314 in
835 265 962 332 istanugnr

169 334 285 384 victoriam
303 333 420 392 obtinent,
431 333 531 382 menania
550 331 640 382 aureola
655 331 758 382 debetur.
775 333 804 384 lu
819 350 905 400 pugna
916 337 962 388 rard

169 405 302 468 quocontra
316 402 428 452 dabolum
437 402 559 464 pugnatur,
568 399 651 451 illaesi
660 400 776 464 nraedpna
785 403 907 468 uictoria,
916 406 959 456 clun

169 473 250 536 aliquis
262 473 350 523 bostem
364 483 409 522 uon
422 470 495 520 solium
510 470 560 520 ise
579 471 619 521 sed
631 470 724 520 etiami
739 471 857 526 cordibus
871 474 960 527 aliorm
974 509 975 522 r

168 548 280 606 removet3
294 543 392 607 quodlib
407 555 448 606 per
465 541 590 592 doctrinam
603 545 628 591 et
643 541 848 605 nundinationem.
863 547 896 596 lie
915 547 959 597 imo
974 543 975 606 t

167 613 295 664 doctoribus
314 616 338 663 et
356 611 538 678 praedicatoribus
551 613 617 661 tertia
635 611 726 662 aureola
738 612 851 666 debetur.
870 617 958 675 Quidam

166 683 222 736 verb
238 684 381 748 distinguunt
400 687 446 732 tres
463 683 565 733 aureolas
577 682 702 733 secundum
718 686 764 733 tres
782 683 852 736 uires
868 687 957 748 animm

166 758 192 804 nt
210 754 313 804 dicautur
325 757 374 804 tres
387 753 485 803 aureolus
497 752 632 814 msuonderc
650 751 775 814 potissimis
793 754 871 806 trium
883 757 958 808 smum

166 823 247 874 anime
259 823 353 874 actibus.
362 823 498 876 Potissinus
508 823 568 872 enim
577 825 641 872 aetus
652 822 758 886 potentin
770 826 918 877 rationulis
928 833 958 878 et

165 893 282 946 veneten
296 894 348 946 tidei
365 893 434 944 etiam
450 893 473 942 in
492 891 548 944 alios
561 892 693 944 diffundere.
712 894 742 943 Et
762 893 819 944 bnic
841 899 906 948 actui
920 901 958 950 de-

165 964 231 1014 betur
242 965 358 1016 doctorum
368 964 465 1014 cumula.
476 961 616 1012 irascibilis
625 961 679 1014 nero
691 966 756 1012 actus
765 965 909 1026 notissimus
917 973 956 1028 esi,

165 1033 235 1084 ctiam
248 1038 342 1085 mortem
358 1036 450 1098 propter
461 1033 575 1084 cbristum
592 1043 707 1095 superare.
730 1033 758 1082 Et
769 1034 829 1084 tunic
844 1039 905 1088 actui
915 1039 956 1088 de-

165 1105 230 1156 betur
242 1106 332 1156 aureola
346 1108 478 1168 martyrum.
492 1101 699 1166 cornoclaoidila'u
709 1101 763 1154 verb
776 1107 850 1156 actus
869 1107 954 1172 potim-

165 1188 216 1225 mus
228 1178 264 1224 est
274 1187 288 1224 a
299 1173 403 1225 maximis
414 1172 584 1224 delectabilibus
597 1172 671 1222 carnis
684 1173 800 1223 abstinere
813 1178 917 1239 nenium,
928 1178 953 1228 En

164 1247 218 1297 huic
230 1246 324 1298 debetur
343 1243 432 1295 aureola
450 1245 570 1307 uirginum.
588 1241 632 1292 lilii
650 1241 703 1292 rcrd
716 1245 825 1296 aureolas
840 1250 893 1298 tres
909 1250 953 1300 dis.

165 1317 270 1382 tinguant
284 1315 408 1367 secuudum
420 1327 449 1366 ea
463 1315 543 1378 quibus
554 1313 647 1365 Christo
663 1313 805 1372 nobilissime
825 1319 953 1371 conturma-

164 1402 223 1440 mnr.
237 1391 287 1454 lpse
299 1388 361 1439 cuiun
372 1388 481 1438 mediator
492 1387 536 1438 tuit
554 1387 614 1438 inter
628 1386 720 1437 Patrem
731 1391 756 1437 et
769 1391 896 1452 muudum.
909 1394 951 1442 Fuit

163 1471 217 1522 ergo
230 1461 323 1521 doctor,
338 1457 463 1510 sumundum
479 1457 539 1521 oubd
552 1457 671 1508 aeduum
689 1469 757 1520 quam
774 1457 788 1508 a
805 1461 881 1512 Patre
892 1475 952 1514 awe-

164 1531 241 1592 nerat,
263 1529 346 1579 mundo
365 1525 524 1578 manifestavit.
542 1526 595 1577 Fuit
615 1529 691 1576 autern
715 1530 817 1591 martyr,
832 1533 951 1584 secuuddu

163 1599 223 1664 quod
237 1597 346 1652 tnrnndo
366 1597 544 1661 persecutionem
564 1595 679 1648 sustinuit.
694 1596 749 1646 Fuit
767 1599 826 1649 nord
840 1602 921 1666 uirgo,
932 1605 950 1653 iu

163 1672 272 1732 quantum
284 1667 404 1732 undalum
416 1667 442 1716 iu
453 1667 529 1730 seipso
540 1665 646 1718 somarii.
659 1666 688 1717 lit
698 1665 749 1718 ideo
764 1668 891 1735 domoras,
899 1687 951 1724 mar-

162 1744 236 1803 tyres,
250 1742 274 1790 et
286 1738 385 1802 virgines
395 1737 418 1789 ei
430 1736 593 1800 perlectissimd
604 1735 783 1788 conformantur.
793 1739 863 1791 tluds
877 1744 951 1796 ubios

163 1810 256 1860 debetur
268 1809 367 1859 aureola.
640 1861 645 1866 ,

194 1879 228 1930 ld
237 1878 333 1942 punam
342 1890 395 1938 ergo
407 1876 525 1928 dicendum
534 1911 542 1935 ,
551 1874 612 1938 quid
620 1875 645 1926 iu
656 1878 707 1926 actu
715 1876 816 1939 iustitis
825 1893 876 1934 uon
884 1888 952 1935 auen.

164 1950 223 2000 ditur
235 1947 309 2013 aliqua
327 1959 401 2011 pugna
412 1947 470 1998 sicut
482 1947 506 1997 in
523 1947 611 1996 actibus
623 1945 716 1996 aliarum
729 1946 855 2001 natatum.
864 1954 910 2004 Nec
921 1961 952 2006 ta·

164 2035 216 2074 men
226 2023 270 2070 truc
280 2030 359 2071 serum
369 2023 404 2068 est
415 2019 475 2081 quod
488 2018 569 2068 docere
582 2016 613 2066 sit
624 2021 688 2068 actus
701 2017 846 2086 prudeuttn3
858 2022 902 2073 ind
911 2038 951 2088 po-

145 2093 147 2096 '
164 2091 209 2142 iiius
220 2094 257 2142 est
270 2093 333 2140 actus
345 2087 460 2139 charitatis
474 2087 511 2138 sel
524 2086 691 2148 misericordia,
705 2088 835 2140 secundum
849 2093 906 2156 quod
923 2107 950 2144 er

163 2161 204 2212 tali
219 2160 297 2212 babitu
316 2157 451 2209 inclinamur
471 2159 500 2208 ad
521 2156 651 2220 hujusmodi
668 2156 732 2208 uctds
755 2161 948 2224 exercitiumsnd

164 2230 230 2281 etiam
241 2228 366 2294 sapientie,
375 2231 401 2278 ut
411 2227 538 2290 dirigentis.
548 2226 589 2278 Vel
596 2229 672 2290 potest
682 2227 726 2278 dici
733 2264 742 2288 ‚
749 2231 878 2282 secuudum
887 2231 946 2294 alim,

164 2300 224 2364 quod
236 2298 324 2364 justitia
336 2297 415 2350 circuit
430 2310 510 2350 omues
527 2298 634 2350 uirtutes.
648 2297 677 2348 Et
691 2298 742 2350 ideo
754 2299 777 2348 ei
789 2302 898 2364 specialis
913 2317 946 2354 aa·

164 2371 225 2424 reola
238 2383 283 2422 nou
297 2369 399 2421 debetur.

195 2440 228 2490 nd
241 2439 365 2489 secuudum
378 2439 509 2502 dicendum,
524 2439 583 2502 qubd
596 2443 718 2504 paupertas
729 2440 833 2502 quamvis
850 2442 880 2492 nit
894 2457 946 2508 opus

164 2507 323 2574 porrectionis,
338 2513 471 2560 nontamen
490 2511 552 2558 tenet
566 2522 677 2559 summurn
690 2508 763 2558 locum
776 2508 801 2558 iu
815 2511 891 2576 aliqua
904 2517 945 2578 spi-

163 2578 238 2630 rituali
250 2592 339 2645 pugua3
353 2580 405 2646 quia
418 2592 480 2630 amor
492 2578 640 2642 corporalium
651 2577 725 2627 minis
738 2578 857 2642 impugnat
865 2619 873 2644 ‚
882 2597 944 2646 quiam

164 2650 445 2714 concupisceremus,
461 2649 496 2698 vel
514 2650 641 2712 persecutio
660 2647 782 2698 iudiciuin
798 2662 882 2716 cornus
894 2669 944 2716 pm-

164 2719 247 2784 prium.
262 2722 324 2771 Unde
338 2720 464 2784 paupertati
480 2731 526 2770 uon
543 2719 637 2770 debetur
649 2719 750 2782 aureola3
766 2719 809 2770 sed
822 2720 943 2774 debetores

161 2789 278 2856 iudiciaria
290 2795 397 2853 potestus,
406 2790 492 2840 ratione
502 2789 667 2842 bumiliationis
674 2803 725 2854 qun
736 2790 883 2856 consequntur
892 2807 943 2858 oau-
