1946 3318
159 169 192 206 DE
210 168 368 206 tenentum
384 169 512 207 CORPORUU
528 171 720 208 sesnnenn‘tmtt.
798 161 846 208 463

7 258 87 311 pore
108 243 187 294 mixto
204 243 257 293 :ite
278 244 347 294 etiam
367 257 392 294 se
409 245 493 295 hebent
511 247 618 296 humores
641 247 669 297 ed
690 247 804 297 membre.
815 247 845 298 Et

7 319 131 383 propter
145 317 209 377 hoe,
221 315 280 366 sient
293 315 405 366 elemento
424 315 448 366 in
464 318 570 380 partibus
584 318 685 368 uniuersi
699 319 786 369 hahent
800 319 844 370 for·

9 403 81 440 mas
95 385 282 448 determinatus,
296 387 384 438 ratione
408 400 503 452 querum
521 393 575 439 sunt
592 391 620 439 de
639 389 779 454 perfectione
793 391 847 440 uni-

8 459 110 522 versi,
126 457 190 509 sieut
211 462 234 510 et
256 473 349 524 corpora
370 460 512 511 misteriis
533 461 602 511 etiem
622 463 729 513 humores
749 467 803 512 sunt
817 464 848 514 de

8 529 180 596 perfectione
199 531 298 595 eorporis
316 531 427 594 hnmani,
440 532 500 582 mont
520 537 543 582 et
561 533 611 583 elie
632 537 724 597 partes,
739 534 845 598 quemvis

13 615 84 654 non
97 601 237 666 pervenient
251 603 279 652 ed
295 605 366 654 totum
380 603 544 666 perfectionem
558 605 617 653 sicut
630 605 682 654 elie
690 607 767 668 partes
775 641 784 668 ‚
800 617 845 658 nee

14 675 153 724 elementa
161 672 245 722 hebent
254 673 285 724 ita
297 675 410 738 perfectas
421 674 517 732 formas,
529 676 586 724 siout
599 676 679 726 mixtu.
692 672 755 726 Si'eot
766 681 845 727 eutem

15 748 116 810 partes
129 756 212 795 omnes
225 745 327 796 universi
339 745 352 795 ι
363 748 413 796 Deo
426 745 589 809 perfectionem
604 750 784 810 consequuntur,
796 758 844 798 non

18 815 169 880 aequaliter,
180 816 220 869 sed
236 829 376 882 unaqueque
388 816 513 868 seeundum
528 831 592 867 mum
603 819 695 868 modurn
706 834 714 866 :
726 819 759 868 ite
772 819 842 869 etiem

16 889 149 938 humores
165 885 240 950 eiquo
260 887 327 938 modo
351 889 498 952 perficiuntur
518 890 546 939 ab
563 890 640 938 anima
659 889 779 952 rationaii,
798 903 845 942 non

19 964 116 1010 tamen
136 959 219 1010 eodem
234 959 301 1010 modo
320 959 378 1010 sient
389 963 466 1024 partes
483 961 638 1024 perfectiores.

336 1137 495 1189 inuentus
510 1125 552 1194 rt?

74 1265 172 1313 Utritm
183 1267 258 1311 totum
267 1267 389 1322 qoodsot't
397 1267 424 1311 fn
433 1279 530 1324 corpore
541 1267 569 1311 de
579 1267 682 1312 veritate
699 1267 810 1312 humone

283 1332 384 1384 notum,
396 1333 505 1386 resorpet
519 1330 545 1374 in
556 1329 614 1385 ipso.

60 1460 103 1512 Ad
118 1459 225 1522 quartum
243 1457 276 1510 sie
292 1458 431 1522 prooedftur.
449 1458 544 1510 Videtur
560 1459 621 1522 quod
638 1472 685 1510 non
698 1462 771 1510 totum
783 1461 844 1522 quot

22 1533 79 1582 fnit
91 1529 124 1580 «in
136 1541 231 1592 corpore
245 1529 273 1580 de
286 1531 382 1580 ueritate
396 1531 502 1582 hermene
516 1534 617 1592 nature,
629 1534 732 1592 resurget
743 1530 768 1578 in
782 1530 842 1595 ipso.

24 1603 96 1662 Quia
119 1599 188 1650 eibos
212 1601 352 1652 conuertitur
373 1603 398 1652 in
418 1603 540 1654 veritatem
559 1604 666 1672 homene
687 1607 782 1652 nature.
803 1602 848 1654 Sed

25 1671 166 1736 aliquanto
188 1683 267 1722 cernes
283 1671 349 1724 horis
369 1671 517 1724 solatiorum
533 1673 665 1724 animalium
685 1676 807 1724 sumuntur
822 1672 848 1723 in
874 1687 885 1712 ·

26 1745 127 1796 eibum.
138 1743 165 1791 Si
182 1755 235 1805 ergo
247 1749 349 1806 resurget
364 1743 473 1808 quinquin
488 1746 516 1795 de
532 1744 628 1795 ueritate
638 1745 743 1794 hnmanae
760 1747 847 1794 nature

26 1815 98 1876 furit,
109 1818 215 1878 resurget
232 1815 299 1866 etiem
318 1827 369 1866 earo
383 1816 449 1866 bouis
463 1815 500 1866 uel
512 1815 608 1866 eliorum
622 1815 769 1878 animalium,
786 1816 847 1878 quod

29 1889 71 1939 est
87 1884 264 1936 inconveniens.

66 1962 95 2007 2.
116 1957 241 2021 Preteree,
253 1961 315 2008 costa
328 1959 381 2008 nde
392 1958 436 2008 fuit
450 1959 478 2009 de
491 1959 588 2009 ueritate
599 1959 705 2008 humane
717 1961 806 2008 nature
822 1955 847 2007 in

28 2031 108 2095 ipso,
123 2027 183 2078 siout
195 2032 220 2080 et
233 2035 297 2080 costa
309 2033 387 2080 nostre
401 2029 426 2080 iu
444 2024 519 2080 nobie.
534 2030 580 2081 Sed
594 2033 657 2080 coste
673 2030 728 2080 ride
748 2041 793 2078 non
808 2041 846 2078 re·

29 2102 121 2164 surget
139 2099 163 2147 in
177 2113 218 2158 eo,
229 2101 269 2151 sed
284 2100 309 2150 in
322 2101 385 2162 Eue,
399 2100 456 2150 attis
469 2101 516 2151 Eva
531 2114 576 2152 non
594 2103 739 2164 resurgeret,
753 2099 807 2161 quie
818 2099 848 2148 de

31 2175 107 2223 costa
119 2169 159 2220 itta
175 2169 272 2222 formata
283 2175 329 2222 est.
339 2172 399 2235 Ergo
418 2185 463 2222 non
476 2174 581 2234 resurget
593 2170 618 2220 fn
632 2170 725 2221 homine
738 2169 847 2232 quidquid

29 2243 83 2294 fuit
103 2240 130 2289 in
145 2253 172 2292 eo
187 2241 215 2292 de
234 2241 327 2292 veritate
342 2245 446 2292 humane
460 2246 555 2293 nature

69 2317 98 2362 3.
113 2313 245 2374 preterea,
260 2326 306 2364 non
320 2317 455 2378 potestesse
472 2315 533 2377 quod
552 2311 628 2364 rdem
622 2325 645 2360 ιιι
661 2310 759 2361 fruerere
769 2309 850 2360 homi

31 2375 111 2436 nibus
124 2386 238 2446 resurgat.
252 2385 296 2436 Sed
312 2389 452 2450 potestesse
468 2386 527 2448 quod
543 2383 629 2448 aliquid
648 2383 692 2432 fnit
709 2382 737 2432 de
753 2379 850 2431 veritute

32 2459 152 2506 humane
160 2457 246 2506 nature
254 2455 278 2506 in
291 2455 388 2506 diversis
398 2456 540 2520 nominibus,
548 2455 609 2506 sieut
620 2469 640 2506 sn
632 2453 729 2516 aliquis
739 2451 847 2502 carnibus

33 2525 152 2578 humenis
170 2529 276 2576 vescatur
285 2537 361 2602 quoe
379 2526 404 2576 in
418 2527 568 2578 substantium
581 2527 632 2590 ejus
647 2526 773 2582 transeant.
788 2521 848 2586 Ergo

33 2611 88 2649 non
108 2588 366 2661 resurgentium,
386 2597 496 2661 quidquid
516 2596 559 2646 fnit
584 2595 612 2646 de
632 2595 728 2650 uenture
745 2595 852 2645 homene

35 2667 151 2720 natiue
145 2681 170 2717 ιιι
184 2667 245 2731 ipso

70 2739 245 2802 emesena,
262 2741 284 2798 si
302 2731 390 2791 dicetur
408 2739 470 2804 qnod
494 2751 542 2790 non
560 2735 670 2802 quidquid
690 2736 745 2787 est'
739 2750 764 2786 nu
784 2745 853 2786 cerne

37 2813 144 2864 comesta
155 2814 191 2862 est
204 2811 233 2862 de
243 2811 341 2862 ueritate
354 2807 461 2865 humane
472 2811 577 2874 nature,
591 2812 615 2860 et
625 2809 657 2859 ite
674 2805 758 2870 aliquid
774 2817 852 2856 eorum

40 2885 123 2948 potest
132 2883 288 2946 resurgerem
297 2885 372 2948 primo
381 2887 404 2936 et
414 2881 517 2947 efiqnid
511 2895 537 2932 rn
545 2881 654 2944 seeundo,
664 2882 765 2930 eontra·
759 2913 765 2928 .
779 2878 855 2928 dere-
