1924 3322
128 114 175 163 lle
251 125 453 174 surrcsrrnnrmr,
470 122 745 172 possessiundis.
763 123 803 175 nr,

127 203 266 258 Uindelici,
276 216 328 266 cup.
340 201 381 265 23)
391 201 484 266 exponit
490 201 580 259 mulli,
591 201 616 251 id
626 203 661 252 esi
673 214 774 260 omnm
792 203 820 250 et
831 197 871 248 hic
882 211 926 249 me

126 275 169 323 dus
179 274 287 336 loquendi
298 273 429 336 frequenter
440 272 556 323 invenitur
568 272 591 322 in
604 283 669 322 sucre
678 269 808 334 Scriptura.
822 270 866 320 Vel
881 283 928 334 pur·

124 343 227 394 ticulalio
235 347 311 408 potest
319 341 417 406 intelligi
426 347 537 406 quantum
548 344 577 393 ud
586 356 669 407 pueros
679 341 799 392 damnatos
810 341 839 390 in
849 340 926 398 limbo:

126 415 165 480 qui
176 416 280 479 quemuis
290 419 425 478 resurgent,
439 427 486 464 nou
497 415 587 480 proprie
610 413 718 464 dicuntur
732 413 867 474 evigilare,
883 410 930 460 cin

127 500 169 536 uec
182 499 274 536 sensum
290 499 363 549 poenae
381 499 424 536 nec
438 485 514 548 glorie
533 483 633 536 habituri
648 486 705 549 siut3
722 483 800 546 uigilia
817 483 884 533 enim
901 485 932 531 est

127 559 211 609 solutio
226 559 317 609 sensis.

158 629 194 679 Ad
211 629 303 680 tertium
326 628 460 689 dicendum,
478 629 538 693 quod
560 641 639 680 omnes
652 635 699 679 tum
716 628 772 678 boni
789 627 863 691 quim
882 623 932 675 mali

126 701 295 751 cculercnunlur
308 700 414 760 Christo,
425 700 525 751 vivendo
535 701 558 750 in
569 701 612 750 istu
621 699 686 761 uita,
699 699 722 749 in
735 699 773 750 his
786 713 844 764 quae
856 699 886 747 ud
897 710 932 746 uu-

127 775 199 820 turum
215 771 300 836 speciei
317 771 447 837 pertinent,
460 785 506 822 non
524 776 599 823 nutem
613 773 638 822 in
649 773 687 822 luis
704 785 755 835 que
771 772 895 836 pertinent
907 770 944 822 ed

127 843 334 904 gisclamundus
348 857 428 895 ornnes
438 844 460 894 ei
471 844 673 894 conformabuntur
682 844 706 894 in
715 845 867 907 reparatione
879 841 944 890 nite,

126 914 254 977 nulurulis3
271 927 317 966 non
331 918 408 964 entem
421 913 605 966 insimilitudine
619 916 705 978 plurim
716 915 756 966 sed
767 915 810 964 soli
822 913 893 965 boni.
943 937 944 984 p

159 985 192 1035 nd
208 989 312 1049 quartum
328 985 465 1047 dicendum,
479 985 540 1049 qnod
551 991 647 1038 mortem
659 1001 710 1050 quae
724 989 760 1036 esi
772 999 846 1050 pceuu
863 983 931 1047 origi-

128 1055 185 1106 nalis
199 1057 298 1121 peccati,
318 1057 370 1121 quin
384 1057 409 1107 in
420 1057 524 1120 originali
536 1059 696 1118 decesserunt,
710 1058 866 1108 exsolverunt
882 1067 933 1104 mo-

126 1126 204 1178 riendo
217 1144 223 1177 :
237 1130 297 1179 unde
309 1141 355 1180 nou
364 1129 470 1180 obstante
481 1128 586 1190 originali
593 1129 669 1194 culpi,
679 1131 775 1193 mesum
785 1128 798 1176 i
807 1131 887 1178 morie
898 1139 931 1175 re·
943 1143 944 1154 ¹

127 1211 233 1262 surgere,
254 1213 323 1264 poenu
337 1200 399 1250 enim
412 1199 528 1262 originalis
548 1200 635 1263 peccati
653 1199 726 1262 inagis
738 1203 773 1250 cst
786 1199 847 1250 mori
864 1197 944 1263 quim*

127 1273 200 1319 monle
215 1270 321 1322 detineri.
731 1297 733 1301 -
943 1323 944 1332 ἦ

159 1342 193 1390 nd
202 1341 305 1404 quinium
315 1341 452 1402 dicendum,
464 1339 525 1406 qudd
535 1341 675 1392 renascimur
684 1354 726 1404 per
737 1341 833 1404 gratiam
844 1337 930 1391 Christi

128 1413 194 1463 nobis
209 1413 300 1477 dulum3
316 1413 356 1464 sed
367 1413 506 1476 resurgimus
520 1411 667 1476 pergratiam
682 1411 778 1475 Christi,
789 1425 835 1476 que
846 1413 931 1462 lectum
943 1427 944 1472 3

127 1488 163 1535 est
175 1487 200 1534 ut
218 1487 321 1534 naturum
333 1488 432 1534 nostrum
446 1483 645 1549 susciperet,quiu
659 1495 688 1534 ex
701 1484 746 1534 hoc
756 1484 781 1534 ei
796 1484 821 1534 in
836 1481 944 1534 nutura-³

127 1555 186 1606 liius
200 1555 374 1606 conformamur.
387 1556 451 1606 Unde
463 1554 498 1605 illi
508 1555 548 1619 qui
561 1556 585 1604 in
600 1555 710 1606 maternis
721 1555 794 1606 uteris
805 1555 929 1610 decedunt,

127 1625 231 1689 quemuis
246 1624 319 1676 renuti
334 1639 382 1678 non
402 1626 487 1678 luerim
499 1641 540 1691 per
555 1625 724 1690 susceptionem
738 1626 838 1690 gretie,
854 1631 944 1682 tenen

126 1702 245 1760 resurgent
257 1701 348 1762 propter
360 1698 543 1750 coniormilutem
562 1702 648 1749 nature
659 1698 687 1748 ad
696 1697 864 1762 ipsum-quum
877 1707 929 1747 con·

127 1769 198 1819 secuti
212 1773 266 1820 sunl
280 1770 307 1821 ud
319 1769 481 1834 perlectionem
495 1772 602 1821 humanm
619 1769 704 1834 speciei
715 1770 885 1834 pertingentes.

417 1948 575 2002 inurendus
590 1949 628 2001 lli.

324 2073 410 2118 Uirilm
421 2076 562 2120 rerurrectio
571 2076 603 2120 eit
612 2075 742 2122 naturalis.

157 2200 190 2252 lid
201 2199 294 2252 tertium
310 2199 344 2249 sic
356 2201 494 2264 proceditur.
508 2201 603 2252 Videtur
616 2200 678 2266 qudd
689 2201 829 2254 resurrectio
847 2202 877 2252 sit
887 2213 926 2252 ne·

128 2271 214 2322 lunulis.
225 2271 291 2335 Quia,
299 2271 360 2322 sicut
368 2271 423 2324 dicit
434 2274 586 2326 damascenus
594 2274 644 2338 (lin.
654 2275 696 2334 lll,
707 2286 760 2338 cup.
771 2277 801 2324 lt
811 2274 832 2337 ),
846 2270 925 2338 «quod

127 2343 274 2395 communiter
287 2344 313 2393 in
331 2345 436 2396 omnibus
450 2345 603 2411 conspicitur,
615 2346 672 2396 illud
689 2349 794 2396 naturum
812 2347 926 2397 chance·

127 2415 220 2466 rizetin
237 2415 267 2466 iis
285 2429 335 2479 qne
351 2417 394 2468 sub
412 2418 461 2482 ipsu
480 2421 531 2468 eunt
552 2417 687 2470 individuis.
706 2417 779 2468 »Sed
794 2416 925 2470 resurrecio

126 2487 275 2540 communiter
292 2489 316 2540 in
329 2489 435 2540 omnibus
451 2491 575 2541 inuenitur.
595 2491 654 2552 Ergo
667 2493 702 2540 est
716 2489 835 2540 naturalis.

157 2563 181 2608 2.
195 2560 315 2621 Preteree,
326 2561 446 2630 Gregorius
458 2563 512 2614 dicit
528 2563 587 2612 xlv,
604 2561 745 2612 Moralium
760 2563 829 2625 (cup.
841 2567 872 2614 28
888 2559 922 2613 rel

129 2631 196 2692 illl:
217 2647 231 2681 u
248 2631 292 2692 Qui
304 2633 476 2686 resurrectionis
489 2634 555 2687 iden
576 2647 606 2684 er
629 2633 760 2685 obedientia
772 2646 820 2684 non
838 2637 921 2694 lenem,

127 2703 263 2754 cortedune
281 2717 310 2754 cx
327 2705 416 2756 ratione
431 2708 510 2756 tenere
523 2705 664 2759 debuerant:
680 2704 810 2769 quidecim
825 2705 921 2772 quodidie

127 2772 173 2822 nisi
193 2776 379 2828 resurrectionem
394 2781 493 2827 nostrum
512 2775 537 2826 in
556 2775 676 2828 elementis
692 2777 741 2828 suis
761 2779 859 2829 mundus
873 2778 921 2828 inni·

127 2847 226 2900 teturln
248 2847 277 2900 lit
291 2850 355 2917 punit
366 2851 497 2914 exemplum
508 2851 537 2902 de
550 2851 602 2902 luce
613 2863 682 2914 qum,
697 2849 787 2913 «quasi
800 2850 919 2910 medendo,
