1946 3318
254 211 283 245 nn
298 208 432 252 ooncrrnru
449 209 643 246 unsnnonurrunr.
802 201 847 245 tie

41 285 72 334 ed
94 285 295 334 resurrectionem.
310 285 353 334 Sed
369 285 442 348 puma
458 289 482 334 et
502 285 601 335 seeundo
624 284 719 349 opinio,
737 298 787 348 qne
806 299 849 348 po·

43 358 106 404 nunt
125 353 183 404 allas
199 367 248 404 esse
264 357 339 418 portes
356 369 406 419 que
419 359 472 405 suut
486 355 623 405 seeundum
636 355 742 418 speeiem
756 359 779 406 et
793 357 849 406 oIIas

41 439 96 487 one
113 428 170 474 sunt
187 425 325 475 coeundum
343 428 497 483 materiam,
511 427 592 477 dicunt
606 425 666 490 qudd
684 425 758 475 anima
775 425 850 476 ratio-

41 497 104 546 nalis
118 534 124 556 ‚
137 497 240 558 quemvis
254 501 361 560 utrasque
377 501 454 561 partes
475 497 591 562 perficiat,
605 511 650 548 uon
672 501 745 548 tumen
759 497 850 562 pertinit

41 569 124 630 partes
142 569 280 618 secundem
298 571 436 618 materiam
452 569 497 620 uisi
518 567 671 618 mediantibus
691 567 792 633 portibus
810 582 850 617 so-

41 637 161 686 cunddm
176 639 297 702 speeiem
312 642 336 689 et
346 638 399 689 ideo
412 653 458 706 non
469 640 553 690 habent
567 639 685 702 sequenter
705 637 807 689 ordinum
821 639 850 688 ad

41 709 247 760 resurrectionem.

78 780 114 829 Ad
137 779 230 829 tertium
251 780 389 843 dicendum,
406 780 466 845 qubd
486 780 510 830 in
533 780 628 830 matema
646 780 809 844 generabilium
827 784 851 832 et

42 851 230 914 corruptibilium
254 853 408 903 dimensiones
433 851 591 902 tutermInatos
615 855 705 916 oportet
723 851 851 916 intelligere

42 925 101 971 ante
116 923 271 986 receptionem
285 925 364 974 lorme
377 923 550 984 substantialis3
563 927 586 974 et
600 923 652 973 ideo
666 922 748 974 divIsio
762 935 813 986 oue
822 923 848 972 Iit

43 990 175 1042 secondum
188 993 317 1056 bujmmodi
332 995 500 1056 dimensiones,
510 992 600 1058 pmprie
620 995 723 1056 pertinet
736 993 763 1042 ud
780 997 848 1043 mete·

42 1063 115 1112 rium.
131 1063 176 1112 Sed
197 1065 313 1125 ornantibus
328 1067 439 1130 completa
458 1071 482 1115 et
500 1065 621 1114 terminata
641 1063 733 1114 aduenit
747 1065 849 1115 materie

41 1139 101 1199 post
116 1135 211 1184 formum
226 1136 410 1198 substantialemg
426 1141 448 1188 et
461 1137 512 1189 ideo
526 1136 607 1186 divisio
622 1138 673 1200 quae
686 1135 711 1184 nt
725 1135 848 1186 secundum

41 1206 205 1256 dimensiones
214 1207 351 1258 'terminatas
361 1209 456 1273 respIoIt
467 1208 566 1272 speciem
575 1222 584 1271 3
594 1206 708 1270 precipue
719 1207 808 1268 quando
822 1209 850 1256 ad

41 1275 161 1326 rationem
181 1279 265 1342 speciei
285 1279 387 1342 pertinet
404 1279 566 1330 determinatus
589 1277 645 1327 sitos
663 1277 759 1340 partium
770 1279 850 1340 ,sieut

41 1354 82 1400 est
96 1349 121 1397 in
137 1361 230 1412 corpore
245 1351 354 1401 bomauo.

399 1467 499 1478 ..ι-ιι-

265 1623 430 1690 dunello
448 1624 624 1688 LXXXIII.

44 1765 82 1812 Do
102 1764 222 1822 penditote
235 1727 431 1822 resurgentium,
447 1765 477 1810 a'or
495 1769 601 1822 querum·
619 1764 737 1810 articulos
756 1764 848 1810 diuiso.

77 1913 166 1964 Deinde
176 1912 365 1962 considerandum
375 1916 411 1963 est
419 1914 447 1963 de
457 1913 565 1976 qualitate
576 1913 749 1978 resurgentium.
765 1901 768 1908 ’

76 1985 144 2035 Circa
155 1983 358 2047 quodaennueruutur
369 1989 467 2048 quatuor
483 2000 490 2034 τ
505 1987 531 2034 1⁰
542 1985 622 2036 illrum
639 1989 758 2048 resurgent
769 1997 848 2034 omues

43 2059 69 2108 in
82 2061 153 2108 aetate
164 2056 272 2120 juvenili.
283 2061 309 2106 2⁰
320 2057 399 2108 Uirium
410 2057 433 2106 io
448 2057 528 2120 equali
538 2060 630 2106 statura.
641 2061 666 2105 θ’
680 2057 759 2107 Utrum
771 2068 852 2107 omnes

43 2131 69 2180 iu
85 2129 168 2179 eodem
183 2141 249 2178 sexu.
266 2131 291 2176 tv
306 2128 385 2178 lttrirm
397 2129 421 2178 iu
438 2128 483 2177 rito
500 2128 600 2178 animali.

306 2309 309 2317 ’
352 2307 511 2362 uellentes
525 2307 544 2356 I.

183 2432 267 2480 Utrum
281 2444 363 2476 orooro
377 2410 503 2488 remorpertt
516 2429 543 2474 io
555 2430 637 2473 eudem
647 2431 723 2474 oetote.

78 2559 113 2606 nd
122 2556 222 2619 primum
235 2555 269 2604 sie
283 2555 420 2619 proceditur.
435 2555 529 2604 Videtur
540 2553 599 2616 ondd
612 2564 657 2604 non
672 2565 752 2603 omues
767 2565 850 2602 resur-

6 2689 7 2692 *
47 2631 105 2690 gent
113 2627 138 2676 in
147 2627 228 2676 eudem
240 2629 322 2686 eure,
334 2626 422 2676 scilicet
428 2624 535 2690 juvenili.
548 2625 605 2683 Quis
616 2625 675 2675 bens
683 2624 851 2688 resurgentibus

47 2696 175 2762 (precipue
191 2696 279 2758 beatIs)
293 2696 350 2746 nibil
366 2697 484 2746 subtrahet
501 2696 562 2758 quod
578 2695 607 2744 ad
626 2693 790 2758 perleotIonem
803 2695 850 2744 ho-

48 2768 119 2819 minis
135 2767 258 2830 pertineat.
272 2769 317 2818 Sed
331 2773 386 2822 oetas
399 2767 498 2831 pertinet
513 2767 541 2815 etl
559 2765 721 2828 perlectionem
737 2765 851 2823 bominis,

48 2838 103 2888 obm
115 2842 221 2888 senectus
235 2838 264 2889 sit
274 2837 424 2889 uenerabilis
440 2841 511 2888 retur.-
531 2839 587 2901 drgo
596 2850 663 2886 senes
675 2849 721 2888 nou
734 2841 854 2899 resurgent

48 2912 73 2962 in
91 2913 159 2960 etate
168 2911 274 2972 juvenili.
