1948 3312
213 215 244 254 uu
258 212 391 258 eustratus
406 215 481 254 rusus
497 215 555 253 ross
571 212 691 254 maturus.
801 208 846 256 tus

70 287 135 340 &a
152 292 229 340 turtur
239 294 288 352 est,
300 291 361 354 quot
374 291 456 342 uiuitur
467 290 580 356 specul,
592 290 660 342 lllll:
674 288 751 340 «titt
763 290 847 342 rutum

49 371 143 411 uorum
156 362 181 410 et
196 361 278 411 terram
292 371 382 412 nomm.
396 375 411 408 a
424 361 471 414 seul
484 359 565 412 &um
580 359 726 412 innovabitur
738 371 778 424 per
797 371 847 411 rua·

49 431 130 494 iorem
151 429 284 483 rimarem.
299 433 358 496 ltrgu
369 437 393 484 at
405 437 472 495 tem,
487 436 511 484 et
521 431 625 484 similiter
633 431 678 482 alia
693 429 814 482 elementa.

85 501 218 563 Pmterea,
231 514 324 566 corpora
342 503 449 554 iuferiora
462 506 517 554 suut
533 503 559 554 iu
575 514 642 554 usum
660 500 773 562 leuium,
786 501 846 552 utut

52 574 79 621 et
94 571 222 634 superiora.
235 572 282 624 Setl
295 577 397 626 morture
418 573 540 638 rurpuralis
556 572 735 626 mmuuarattitur
752 575 848 635 propter

54 642 210 693 ministerium
224 644 284 707 quud
298 645 383 696 homiui
396 644 513 708 exhibuit,
529 644 655 694 uisitetur
669 643 745 694 dicere
757 643 845 702 Gluma

54 713 138 832 Rufri„
151 713 207 763 lllll.
221 713 280 778 lituu
290 715 358 774 etiam
367 717 481 768 elementa
488 713 667 766 otuitououutrr
679 714 739 764 siout
752 723 845 777 uespera

53 794 90 834 coe
98 782 166 834 ostia

88 853 217 914 praterea,
232 866 313 919 eorpus
333 855 432 908 homimis
449 859 484 908 est
501 869 529 908 ex
551 855 670 908 elementis
685 854 844 918 uoupusiturr.

57 923 118 984 Ergo
140 929 217 988 partes
233 926 409 988 elementorum,
428 940 477 991 uua
499 931 553 980 suut
572 927 597 978 iu
615 937 708 990 surpere
729 925 843 987 huminis,

57 993 184 1055 glorificato
200 995 291 1046 leutius
302 995 482 1059 glorificabuntur
496 997 712 1060 persuseeptiuuem
727 995 849 1062 claritatis,

56 1063 104 1116 Sed
117 1065 221 1116 murtam
230 1065 336 1117 mouerit
346 1079 397 1119 esse
407 1067 578 1132 dispositionem
586 1067 655 1118 tutiru
666 1071 691 1117 et
700 1067 780 1130 partis.
788 1068 846 1130 Ergo

56 1139 82 1186 et
91 1135 143 1200 ipsa
151 1135 263 1186 elementa
272 1135 379 1188 eosvenit
387 1137 487 1188 attritur
499 1136 579 1189 dotari.

90 1206 251 1269 (corausto.
266 1231 297 1246 -
308 1204 366 1257 clm
385 1211 486 1271 oporteat
507 1218 601 1272 corpora
623 1203 730 1257 interiora
748 1206 845 1258 maxime

57 1275 139 1340 perfici
152 1275 276 1328 souuttm
289 1277 426 1340 claritatem,
438 1275 728 1342 iu-puaeemmuuiuatruut
736 1289 787 1326 uum
796 1287 847 1328 eer-

57 1346 156 1398 lestilus‘
165 1348 304 1411 corporibus,
314 1347 426 1400 elementa
438 1348 560 1402 induentur
565 1347 671 1398 altstete
685 1346 790 1410 quatum,
800 1359 844 1400 eeu

57 1423 136 1468 umen
149 1417 290 1481 sumtus.)
880 1414 882 1421 ’

88 1489 224 1552 Respondes
239 1489 374 1554 mutulam,
386 1491 447 1556 quod
463 1491 523 1542 sicut
539 1497 574 1542 est
591 1490 646 1542 ordo
661 1488 786 1540 celestium
799 1489 846 1554 spi·

57 1562 145 1612 rituum
158 1560 186 1610 ud
198 1560 291 1624 spiritus
299 1565 403 1614 terrenos
413 1562 518 1624 <seilicet
529 1561 666 1623 humatus),
680 1559 714 1610 ita
728 1559 797 1611 etiam
811 1563 847 1614 est

56 1633 115 1684 orde
124 1630 250 1682 ooelastium
256 1643 372 1696 corporum
380 1633 407 1682 ud
417 1643 509 1695 corpure
517 1631 641 1682 terrestria.
654 1629 773 1694 cimergu
783 1641 847 1681 urae·

57 1707 111 1754 tura
124 1701 247 1766 corporalis
260 1702 291 1753 sit
299 1703 358 1754 lauta
371 1706 462 1768 proptor
473 1701 622 1765 spiritualem,
636 1705 659 1752 et
670 1713 711 1764 prr
720 1711 770 1750 aaut
782 1711 850 1763 rega·-

57 1781 106 1839 tur,
121 1776 209 1838 oportet
220 1772 323 1824 similitu
335 1773 425 1837 disponi
437 1771 574 1834 corporalia,
586 1771 645 1821 siout
662 1769 787 1834 spiritualia
801 1770 847 1820 dis·

57 1849 180 1910 ponuntur.
195 1845 220 1894 lu
233 1844 273 1895 illa
285 1848 360 1896 autem
372 1843 451 1894 ultima
463 1855 537 1894 rerum
550 1842 747 1894 consummatione·
753 1841 847 1905 spiritus

56 1913 177 1965 interiores
196 1913 309 1978 accipiunt
326 1913 472 1978 proprietates
487 1913 625 1976 superiorum
639 1911 775 1976 spirituum,
793 1912 847 1976 quia

61 2002 76 2032 u
86 1984 190 2036 homiues
201 1987 269 2034 eruut
282 1984 341 2034 sicut
350 1984 425 2046 augeli
437 1983 464 2033 iu
472 1983 529 2034 orele
537 1999 564 2041 ,u
581 1983 640 2040 siout
649 1983 734 2033 diulus
744 1982 846 2044 liutto„

58 2055 122 2109 llllll
136 2055 185 2118 (t);
199 2059 222 2106 et
234 2055 278 2105 hoo
288 2055 331 2104 erit
343 2054 367 2106 iu
385 2058 493 2118 quantum
506 2053 536 2103 aul
552 2054 673 2104 maximam
685 2051 846 2116 perlectionem

58 2124 177 2192 pomula
187 2123 211 2175 iu
226 2124 350 2176 secuudum
366 2125 426 2188 quot
438 2125 552 2174 humatus
564 2122 658 2186 spiritus
676 2133 728 2172 eum
742 2121 847 2183 augente

59 2195 175 2247 conuenit.
192 2195 255 2246 Unde
274 2195 342 2245 etiam
362 2194 477 2254 similiter,
491 2193 542 2244 clm
559 2203 651 2257 corpora
669 2189 776 2242 interiore
795 2203 847 2242 uum

60 2265 189 2318 celestibus
197 2277 243 2316 uun
259 2265 428 2316 communicent
439 2264 522 2316 uisiiu
535 2261 682 2315 matura-lueis
694 2265 718 2311 et
728 2261 845 2326 diaphaui,

59 2341 86 2387 ut
98 2335 180 2387 dicitur
195 2335 220 2386 iu
235 2335 264 2386 ll.
283 2335 318 2384 Dr
328 2335 415 2386 uuimu
431 2336 504 2398 (test.
525 2333 590 2397 tu),
603 2335 692 2396 oportet
708 2343 802 2394 terpora
813 2333 847 2384 iu·

58 2407 143 2459 teriora
157 2406 253 2458 maxime
262 2405 340 2471 portui
353 2406 475 2458 secuudum
485 2403 619 2454 clamatum.
633 2403 697 2454 Unde
712 2401 788 2453 omnia
801 2404 847 2456 ele·

59 2481 139 2530 rueuta
156 2477 255 2527 claritate
270 2477 366 2540 quadam
377 2475 516 2536 restitutur,
530 2477 661 2525 monumen
673 2473 797 2538 equaliter,
807 2478 847 2530 sel

59 2545 182 2600 seeundum
193 2557 258 2597 suum
269 2546 369 2597 modum.
380 2545 449 2596 Terta
460 2545 520 2596 onim
531 2543 566 2608 (ut
573 2541 664 2605 diuitum
676 2541 719 2592 etit
728 2543 846 2608 superficie

60 2615 168 2674 exteriori
183 2615 275 2679 peruia,
290 2615 348 2666 utut
363 2614 462 2677 ultrum,
477 2625 535 2678 aqua
553 2612 612 2663 sieut
625 2611 749 2677 cristallus,
770 2627 808 2665 aar
822 2619 847 2666 ut

58 2689 157 2746 coelum,
173 2685 233 2750 iguis
250 2688 275 2736 ut
288 2684 407 2735 luminaria
421 2683 481 2735 eseli.

90 2758 124 2812 tu
137 2756 233 2821 primum
244 2767 296 2818 ergo
310 2753 442 2813 dicendum,
461 2751 520 2818 qued
535 2753 593 2806 sicut
605 2749 732 2803 dictumest
746 2751 799 2816 (art.
810 2755 846 2816 t),

93 2900 127 2968 (t)
141 2896 192 2950 elit
203 2906 281 2948 tames
291 2897 413 2956 uttaeiuue
423 2895 492 2956 quim
502 2892 549 2958 utu,
558 2903 584 2943 ut
592 2895 704 2946 iudicetur
713 2875 774 2958 'sputu
786 2899 848 2946 butu
