1954 3314
234 128 265 166 on
281 127 428 167 suonrtrrurc
442 127 570 168 conterunt
586 129 723 171 retrosus.
829 126 875 174 bis

46 203 217 270 discipulos.
234 204 278 256 Sed
288 205 331 256 boc
342 215 387 256 nou
401 205 477 272 potest
492 215 557 269 esse,
573 208 620 255 tum
631 206 684 269 quis
696 218 777 271 corpus
793 207 874 272 glorio

49 289 112 326 sum
134 288 200 326 non
212 273 302 326 babebit
321 273 381 338 quot
398 273 428 325 sit
446 285 497 326 cum
513 275 557 326 elio
575 287 666 340 corpore
685 276 767 339 simul,
786 279 874 332 ratione

49 345 232 410 subtilitatis;
246 349 294 396 tum
308 344 361 410 quia
372 343 461 396 etiamsi
471 344 564 397 haberet
577 349 603 397 ut
615 350 676 398 esset
686 347 754 398 simul
766 360 817 400 cum
825 350 871 402 alio

48 430 172 482 conpore
185 454 195 479 ,
209 426 255 468 non
271 419 346 478 tamen
362 427 413 466 enm
429 413 474 468 ulio
487 427 579 479 corporo
592 416 703 481 glorioso,
717 422 743 468 ut
760 419 827 470 multi
838 420 872 471 rii-

48 491 121 538 ennt
132 487 196 553 (1)3
205 489 253 538 tum
267 485 320 550 quia
331 489 467 551 repugnaret
476 489 543 539 recte
558 485 701 552 dispositioni
714 489 816 553 corporis
828 491 871 542 bn·

49 558 141 622 mani,
154 570 213 623 quae
222 557 315 622 requirit
328 555 500 610 duorminaiunr
510 557 577 610 situm
587 559 746 610 etdistantinm
760 561 869 624 partium.

49 629 132 681 Unde
146 640 252 693 uesper
265 625 397 678 miraculum
412 627 456 678 hoo
465 639 564 690 unquam
574 627 622 679 liet.
638 629 668 679 ut
683 628 734 681 ideo
747 630 867 684 dicendum

48 699 128 762 qnod
145 711 238 764 corpus
251 697 370 762 gloriosum
386 708 474 761 semper
486 697 566 748 eritis
582 698 631 750 loco
648 698 692 751 sibi
706 700 797 764 aequali.

46 827 48 830 .
90 771 136 820 nu
155 769 324 834 primumergo
338 765 548 832 dicentum‚quou
561 779 641 833 corpus
654 769 775 824 christiin
791 769 868 822 altaris

52 843 278 893 sacramentonum
291 837 445 902 estlocaliter,
459 847 486 888 ut
498 836 582 888 ‹liutom
598 842 641 890 ent.

91 912 136 963 Ad
152 911 281 964 secundum
292 909 423 970 dicendum,
432 908 490 972 quod
504 909 606 972 probatio
618 910 751 976 Philosophi
764 911 867 977 procedit

55 995 91 1034 ex
106 983 165 1034 hoc
172 1017 183 1046 ‚
194 979 253 1043 pubi
266 992 311 1032 uos
323 991 376 1042 pars
388 978 466 1030 eedem
482 979 568 1031 ratione
582 980 717 1032 subintraret
728 983 804 1032 alam.
821 982 868 1034 Sei

54 1053 121 1104 talis
136 1049 277 1120 subintretio
291 1053 387 1116 partuum
401 1050 501 1114 eorporis
512 1049 604 1114 gloriosi
618 1050 643 1098 in
656 1050 755 1102 inuicem
764 1063 810 1104 uon
825 1063 867 1116 po·

56 1126 112 1174 test
130 1134 204 1184 esse,
216 1125 242 1172 nt
255 1119 338 1172 dicium
354 1125 399 1172 est.
412 1119 442 1172 lit
457 1120 508 1170 ideo
521 1122 579 1170 ratio
590 1131 636 1171 uon
650 1120 762 1183 sequitur.

95 1193 138 1244 Ad
153 1191 248 1246 tertium
268 1189 404 1252 dicendum,
421 1190 481 1254 prou
494 1199 575 1254 eorpus
594 1189 684 1240 ridetur
698 1202 727 1240 ar
748 1191 792 1242 hoc
805 1189 867 1255 quio

61 1263 118 1326 agit
138 1264 166 1314 in
187 1263 269 1314 visum.
283 1261 347 1322 Quod
360 1264 433 1314 autem
446 1263 499 1326 agat
511 1260 536 1310 iu
547 1259 622 1311 uisum
635 1259 672 1310 vel
685 1271 731 1310 non
740 1262 800 1324 agat,
808 1258 866 1312 nibil

60 1333 149 1384 uariat
158 1333 184 1382 in
197 1331 249 1396 ipso
259 1343 361 1396 corpore.
372 1330 400 1381 Et
410 1331 461 1382 ideo
471 1342 517 1382 non
532 1333 568 1382 est
579 1328 742 1380 inconveniens
756 1328 777 1380 si
793 1329 866 1393 possit

62 1403 165 1466 quando
179 1402 242 1463 uult,
253 1401 338 1461 uiden,
356 1404 379 1451 et
391 1401 480 1465 quareo
494 1401 560 1463 uult,
573 1411 618 1451 uon
630 1399 708 1451 rideri.
717 1399 760 1450 Sed
773 1413 824 1448 esee
838 1402 865 1450 tu

63 1472 126 1522 loco
138 1485 187 1524 non
195 1476 230 1532 cst
240 1472 298 1523 aetio
307 1471 383 1534 aitqua
398 1471 523 1536 procedens
534 1471 562 1522 ab
571 1482 608 1532 eo,
618 1470 705 1521 ratione
716 1481 764 1520 suae
774 1469 864 1534 quanti-

64 1543 209 1609 tutis,siout
221 1541 410 1600 permutatione
425 1541 557 1595 suicolorio.
571 1541 599 1592 lit
611 1539 661 1591 ideo
678 1553 724 1592 nou
732 1544 767 1590 est
780 1539 863 1590 simile.

338 1684 340 1690 ¹
366 1720 524 1773 instemus
538 1718 580 1772 vr.

99 1847 191 1894 Uirium
213 1857 297 1902 corpus
320 1845 447 1902 ptortosum
464 1841 557 1886 ratione
577 1851 625 1885 sum
642 1838 782 1886 subtilitatis
805 1838 837 1882 tit

386 1903 545 1960 impalpabile.
584 1901 586 1906 “

64 2077 68 2081 .
102 2034 139 2088 ιιι
151 2038 240 2086 sertum
253 2033 288 2083 nie
302 2031 438 2096 proceditur.
455 2029 550 2081 Videtur
565 2029 626 2093 quod
645 2042 728 2096 corpus
739 2026 861 2092 gloriosum

69 2107 163 2157 ratione
180 2117 226 2154 suae
235 2101 364 2154 subtilitatis
377 2100 407 2152 sit
423 2099 574 2164 impalpabile.
589 2100 709 2164 Gregorius
728 2097 789 2149 enim
804 2096 861 2148 dicit

71 2175 157 2228 liomil.
174 2173 198 2224 io
212 2173 303 2224 Octauo
317 2171 415 2222 Pascite
426 2171 458 2234 (e)
468 2186 476 2220 :
486 2171 627 2236 «corrumpi
643 2181 738 2222 necasse
751 2165 860 2229 estquod

70 2247 184 2312 palpatur.
203 2263 217 2294 u
240 2244 285 2295 Seri
306 2255 387 2307 corpus
404 2241 525 2306 gloriosum
537 2242 583 2292 'erit
600 2237 779 2304 incorruptibile.
799 2236 860 2300 lirpo

71 2319 118 2369 erit
130 2314 283 2380 impalpabile.

104 2393 130 2442 Ξ.
144 2388 267 2449 Preteroa,
281 2397 347 2438 omne
364 2384 425 2448 quod
443 2384 558 2448 palpatur,
575 2381 662 2433 resistit
683 2377 793 2445 palpanti.
813 2376 858 2430 Sed

106 2503 139 2568 (l)
152 2506 240 2562 Etipso
251 2502 355 2548 similiter
364 2502 415 2558 turn
428 2498 563 2558 supradixit
576 2495 636 2556 (art.
646 2493 678 2558 i)
690 2500 782 2554 propter
793 2493 857 2542 inde·

75 2567 173 2614 centium
191 2567 273 2612 saltem
285 2575 336 2621 quae
352 2561 404 2608 dati
417 2559 456 2610 illa
474 2560 609 2620 hypothesi,
623 2558 666 2605 hoe
685 2563 721 2604 est
734 2557 802 2602 unius
815 2567 857 2614 per

76 2629 135 2678 eliud
153 2627 320 2685 penetratione,
332 2630 472 2682 sequeretur.

106 2696 142 2760 (b)
156 2699 201 2746 scu
213 2697 299 2743 Homil.
311 2697 383 2742 xxvl
396 2705 469 2754 tropea
481 2693 582 2750 Eouup„
596 2705 647 2748 quse
663 2691 686 2736 in
699 2691 783 2736 Octava
799 2692 855 2735 Pas·

78 2755 129 2810 cun
138 2762 167 2807 ab
179 2759 282 2806 Ecclesia
293 2757 412 2818 recitatur,
424 2755 540 2816 explicans
549 2753 621 2800 illati:
639 2751 747 2800 osteario
758 2753 793 2798 eit
805 2763 856 2798 ato·

78 2835 124 2872 sot
136 2834 156 2870 tt
169 2823 243 2874 lutor,
255 2822 322 2872 toan.
337 2819 385 2865 xil.
