2030 3330
259 221 291 267 us
305 225 405 269 menese
419 225 585 278 uiruruoruo,
600 225 654 268 erc.
807 213 852 263 nir

316 445 480 522 ductito
497 447 603 514 tiit.

74 591 107 640 iic
119 591 228 639 cumeis
241 590 412 642 matrimonio,
426 595 449 638 et
466 589 748 644 reuerentissime
766 591 845 641 &cert
923 621 929 642 i

354 663 473 711 articulos
483 663 573 712 diuiso.

86 815 262 879 Consequenter
281 811 470 866 unsidersndum
490 818 527 866 est
547 815 575 866 de
588 814 684 868 annexis
707 815 861 870 matrimonio.

57 885 84 936 Et
96 885 186 950 primi,
202 887 231 937 de
252 881 324 938 debiti
337 884 474 937 redditore.
489 886 612 948 Secundi,
627 888 655 939 de
668 887 796 952 pluralitate
808 903 864 940 uxo-

56 971 113 1008 rem.
125 957 222 1022 Tertio,
238 957 266 1008 de
282 957 390 1022 bigamia.
406 958 492 1018 Quarto
506 958 535 1012 de
556 957 632 1011 libello
645 960 742 1025 repudii.
758 961 860 1025 Quinti,

57 1029 83 1080 de
95 1028 152 1080 titiis
165 1027 289 1094 illegitime
302 1027 375 1080 neus.

82 1101 154 1152 circa
165 1101 268 1166 primum
281 1104 412 1166 queruntur
423 1099 544 1166 decemo)
560 1104 603 1152 :1⁰
611 1101 693 1154 Utrdm
707 1103 765 1156 citer
780 1103 863 1169 coniu-

55 1187 107 1237 gum
125 1175 235 1224 teneatur
255 1171 322 1224 elteri
341 1171 441 1223 debitum
460 1173 565 1225 reddere.
575 1177 604 1223 2⁰
620 1173 700 1226 Utrum
715 1175 797 1228 debent
815 1175 862 1227 uti-

55 1243 145 1308 qunudo
159 1244 257 1295 reddere
272 1255 318 1294 uon
333 1244 447 1309 poscenti.
465 1249 493 1294 ³⁰
503 1243 584 1296 Utrum
597 1243 666 1296 liceat
680 1245 770 1297 mulieri
784 1257 861 1298 meus·

55 1318 135 1368 mete
153 1319 234 1381 petere
254 1315 365 1366 debitum.
385 1317 413 1366 4⁰
426 1315 507 1367 Utrirm
528 1317 609 1369 mulier
623 1321 763 1370 menstruate
782 1317 863 1369 debent

55 1387 150 1439 reddere
168 1386 272 1438 debitum
287 1388 385 1452 petenti.
401 1391 427 1438 5⁰
443 1387 524 1439 iterim
541 1389 577 1440 rir
596 1393 621 1441 et
634 1402 691 1441 uxor
710 1389 735 1440 iu
756 1392 801 1441 hoe
815 1389 863 1440 siut

55 1460 166 1522 equales.
182 1463 210 1509 6ο
224 1458 305 1510 Utrum
323 1473 383 1512 uuus
393 1459 444 1512 siue
457 1473 572 1513 museuso
589 1462 684 1514 ulterius
696 1461 771 1527 possit
783 1464 863 1513 rotem

55 1530 171 1596 emittere,
185 1544 228 1596 per
242 1531 302 1594 quod
318 1530 414 1582 redditio
428 1531 499 1582 debiti
509 1533 659 1603 impedietur.
672 1537 699 1583 7⁰
713 1533 795 1584 Uirum
803 1536 863 1583 tenu

55 1613 94 1664 pus
106 1602 223 1668 impediet
240 1602 312 1654 debiti
324 1601 469 1668 petitionem.
483 1607 510 1653 8ο
521 1603 602 1656 Utrum
618 1608 813 1672 potenstempore
827 1617 863 1656 se·

55 1685 89 1726 cro
109 1677 193 1740 peccet
218 1673 351 1727 morteiiter.
373 1679 400 1725 9⁰
422 1675 501 1726 Utrdm
521 1677 615 1728 reddere
630 1679 735 1730 teneatm
758 1681 863 1742 tempore

54 1743 143 1799 iestiro.
164 1749 208 1797 tu⁰
223 1746 306 1814 dirim
319 1747 403 1812 nuptie
419 1747 488 1799 certis
501 1747 636 1813 quibusdam
654 1749 802 1816 temporibus
825 1748 862 1800 in-

54 1818 128 1870 terdiet
145 1819 259 1872 debeant.
890 1839 892 1842 ·

360 1933 523 1991 reticentis
539 1939 559 1991 I.

82 2063 172 2112 Utrum
184 2062 249 2112 aiter
263 2061 394 2122 eotdupum
413 2067 524 2172 &wer
539 2063 613 2112 atteri
624 2066 657 2114 ad
675 2065 834 2114 redditionem

432 2141 444 2172 e
479 2142 496 2174 t·

12 2277 13 2282 .
85 2254 120 2305 id
140 2251 240 2318 primum
261 2253 295 2304 sic
315 2253 453 2321 proceditur.
470 2255 566 2307 Videtur
585 2253 646 2322 qedd
662 2257 720 2308 ulter
736 2256 860 2322 conjugum

56 2336 99 2374 uou
112 2328 220 2376 teneatur
236 2325 301 2376 elteri
316 2327 345 2377 ad
359 2326 511 2378 redditionem
525 2327 597 2380 detriti
609 2341 638 2380 ex
649 2327 787 2380 necessitate
801 2342 860 2393 pre·

56 2397 125 2459 cepti.
137 2396 290 2449 Neritusenim
298 2397 432 2462 prohibetur
441 2397 455 2448 i
463 2398 592 2463 sumptione
604 2397 753 2452 uucuadstie
767 2403 861 2466 propter

56 2465 95 2516 hoe
106 2467 170 2531 quod
187 2472 328 2533 preceptum
341 2469 433 2534 impiet.
447 2471 494 2521 Sed
506 2471 545 2522 ilie
559 2471 599 2535 qui
612 2471 680 2523 uxori
693 2469 795 2522 detritum
808 2471 861 2523 red·

57 2537 102 2602 dit,
119 2552 166 2590 uom
184 2543 261 2605 potest
279 2553 360 2592 earnes
382 2543 442 2605 iqui
465 2544 545 2608 edere,
560 2544 586 2594 ut
605 2542 757 2607 Hieronymus
777 2542 801 2594 iu
818 2542 863 2594 iit-

56 2612 99 2661 tere
113 2610 147 2676 (e)
162 2609 228 2662 dicit.
244 2611 303 2676 Ergo
320 2613 414 2664 reddere
433 2613 550 2678 debitum,
568 2627 613 2666 uon
631 2618 667 2678 est
681 2614 708 2665 de
723 2614 862 2666 necessitate

55 2682 178 2746 precepti.

83 2757 107 2803 e.
122 2755 249 2818 Pretereu,
264 2755 360 2820 quilibet
380 2759 456 2822 potest
474 2757 538 2810 licite
560 2757 678 2810 abstinere
701 2758 729 2810 eh
752 2759 789 2812 his
810 2772 861 2825 que

87 2889 117 2952 (ί)
132 2893 169 2939 13¹
182 2893 224 2941 IV·
237 2894 318 2946 Seni.
333 2894 388 2941 diii·
399 2893 440 2956 32,
453 2893 494 2956 qu.
507 2895 583 2957 unic,
597 2893 666 2943 urei
683 2901 708 2944 et
721 2905 789 2956 seqq.

86 2961 119 3026 (Ξ)
133 2967 159 3011 m
172 2967 215 3014 rr.
229 2966 308 3020 soor..
322 2967 379 3016 orsi.
388 2965 458 3030 ene
474 2967 500 3016 e.

149 3075 207 3117 titi.
758 3071 772 3116 Ί
