2024 3328
135 157 180 202 tet
283 165 485 212 suracaunrnn,
501 165 594 210 opust.
611 163 683 212 uvare,
700 163 755 200 aar.
771 163 788 198 ι.

134 245 264 292 moventem
275 241 303 290 ad
316 240 429 290 carnalem
441 239 547 303 copulam
556 252 607 289 cunr
617 238 694 301 aliqua
710 241 830 302 corrupta,
842 250 887 288 non
897 249 941 287 au-

132 316 177 361 teur
189 325 242 361 curn
252 311 327 374 aliqua
340 309 498 373 virgineorum
508 308 553 360 cito
565 307 662 358 calidum
672 312 780 371 evaporat
793 307 879 358 ratione
888 321 940 358 anae

131 382 273 446 debilitatis,
286 387 312 432 ut
328 382 357 432 ad
376 381 567 444 corrumpendum
585 379 696 442 uirginem
714 391 761 429 nou
779 379 893 442 sulticiat;
914 383 941 428 et

130 452 237 503 similitor
251 459 287 504 est
297 454 322 503 in
331 452 407 515 aliquo
421 452 537 502 sufficiens
549 451 652 501 caliditas
664 463 757 501 nrorens
767 451 794 500 ad
805 449 937 514 pulchram,

131 538 183 587 qua
197 525 270 587 tnagis
282 523 491 587 concupiscentiam
510 522 652 585 inflammat,
668 533 719 585 qum
733 533 779 572 non
793 520 938 571 sufficienter

132 595 161 644 ad
170 599 259 658 turpem
271 597 356 644 moret.
372 594 431 658 Ergo
443 593 531 644 ridetur
548 591 608 657 qudd
626 591 751 655 frigiditas,
766 591 811 642 etri
827 591 940 655 impediat

133 669 236 727 respectu
250 664 334 723 uulua,
349 677 394 714 non
409 669 486 715 tamen
498 663 633 728 simpliciter
645 662 750 725 impedit.

165 741 189 786 6.
210 738 338 799 Praeterca,
357 735 437 789 mulier
454 740 490 786 eet
506 734 668 786 universaliter
689 732 794 796 frigidior
813 733 870 783 niro.
889 731 937 784 Sed

134 807 241 858 mulieres
250 805 480 870 nonimpediunturl
495 804 648 857 matrimonio.
665 804 723 868 Ergo
734 817 776 855 nac
792 802 867 867 frigidi
878 803 936 855 riri.

165 879 210 932 sed
221 884 299 930 conlm
313 881 362 939 est,
378 878 439 940 quod
451 877 534 928 dicitur
547 877 633 926 lintre
646 876 678 926 de
691 875 839 940 frigidiani
851 875 933 926 name-

135 951 248 1015 ficiotu‘e:
265 966 279 997 u
292 948 355 999 Sicut
368 961 438 1013 puer,
451 949 491 1012 qui
504 961 549 1000 non
560 951 636 1012 potest
646 948 739 998 reddere
755 946 872 1008 debitum,
887 959 936 998 non

135 1025 252 1084 cataplus
265 1019 385 1084 conjugio,
400 1020 435 1072 sic
449 1020 525 1082 etqui
539 1019 677 1083 impotentes
692 1020 761 1079 nunt,
777 1016 872 1068 minine
884 1018 937 1081 apti

136 1092 165 1142 ad
183 1092 337 1145 contrahenda
356 1089 499 1142 matrimonia
516 1092 659 1154 reputantur.
673 1105 687 1137 o
701 1088 768 1138 l'alea
785 1091 862 1138 autem
879 1093 937 1138 sunt

136 1160 223 1226 frigidi.
237 1163 305 1226 largo,
317 1167 364 1214 etc.

167 1234 294 1296 Praeterea,
311 1233 388 1282 nullna
404 1235 480 1295 potest
496 1244 522 1282 se
534 1230 634 1294 obligare
646 1229 674 1280 ad
687 1227 836 1292 impossihile.
849 1229 896 1280 Sed
910 1229 936 1280 in

136 1304 279 1354 unatriunouio
295 1304 364 1354 lromo
381 1314 406 1352 ce
421 1302 506 1364 obligat
525 1302 553 1352 ad
569 1302 680 1354 carnalem
697 1300 816 1364 copulam,
830 1299 883 1363 quia
904 1301 936 1351 ad

136 1376 180 1426 lroc
200 1376 239 1425 dat
254 1375 318 1425 alteri
339 1373 375 1424 sui
394 1372 493 1435 corporis
511 1375 656 1437 potestatem.
672 1372 730 1436 Ergo
750 1369 862 1434 frigidus,
879 1374 935 1434 quia

136 1459 182 1496 non
203 1449 279 1510 potest
295 1442 413 1496 carnaliter
422 1442 535 1508 copulari,
548 1455 595 1494 nou
611 1446 687 1508 potest
698 1441 867 1494 matrimonium
878 1456 935 1494 con·

135 1520 233 1568 trahere.

173 1588 336 1651 (mocorono.
357 1613 388 1626 -
404 1586 525 1652 Frigiditos
544 1598 585 1637 seu
604 1585 737 1650 impotentia
758 1583 868 1648 coeundi,
887 1597 936 1636 uon

135 1659 227 1724 quidem
242 1673 271 1710 en
282 1662 363 1722 etate,
377 1660 416 1711 sed
431 1658 681 1721 expendendum,
696 1654 829 1720 simpliciter
842 1654 939 1706 incura-

136 1730 204 1792 bilia,
217 1731 313 1794 inpedit
326 1730 495 1785 matrimonium
509 1729 700 1790 contrahendum,
711 1731 735 1780 et
748 1727 815 1778 etiam
828 1729 935 1777 eontrac-

137 1804 184 1852 tum
201 1801 299 1861 dirimit,
313 1806 365 1866 poet
374 1801 495 1852 triennium
509 1802 538 1852 ud
550 1800 642 1862 minuc,
656 1813 685 1852 ex
698 1797 804 1850 Ecclesia
818 1797 935 1860 statuto.)

169 1872 304 1934 despondeo
320 1873 456 1936 dicendum,
473 1873 533 1936 quod
551 1873 575 1922 iu
596 1871 741 1924 matrimonio
754 1875 790 1921 est
806 1874 938 1921 contractura

136 1943 229 2005 quidam
241 1955 286 2005 quo
298 1955 358 1992 unus
375 1943 441 1994 alteri
453 1943 565 2006 uulgum
581 1944 609 1994 ad
631 1943 732 1994 debitum
743 1941 832 1992 cunule
844 1939 937 1992 colven-

138 2014 201 2064 dum.
225 2013 303 2076 Unde,
318 2012 377 2064 sicut
397 2013 420 2064 iu
436 2013 488 2064 aliis
506 2013 661 2066 contractibus
681 2027 727 2065 non
744 2017 781 2063 est
797 2012 939 2063 conveniens

138 2084 257 2148 obligatio,
269 2085 289 2134 ei
299 2083 382 2147 aliquis
392 2098 417 2136 oe
427 2083 511 2148 obliget
519 2084 547 2136 ad
564 2085 676 2148 hocquod
691 2097 737 2136 non
746 2087 822 2148 potest
836 2083 890 2134 dare
901 2085 939 2134 uel

138 2156 228 2218 tacere;
245 2154 275 2204 itu
292 2167 337 2204 non
357 2159 392 2205 eet
406 2155 548 2206 conveniens
564 2155 701 2206 matrimonii
714 2157 857 2216 contractus,
868 2153 890 2204 si
900 2154 941 2205 tint

137 2226 251 2290 anulique
260 2225 299 2290 qui
308 2225 408 2276 debiturn
418 2225 507 2276 carnale
519 2226 608 2276 solvere
619 2239 664 2277 non
680 2226 761 2290 possit.
771 2226 800 2276 lit
809 2227 852 2276 troc
864 2225 939 2290 impe·

137 2298 261 2348 diruendum
284 2300 377 2348 uocatur
399 2299 549 2360 inmerentia
572 2298 695 2354 ccenrrdr',
710 2297 802 2348 nomine
821 2298 938 2359 genereth

137 2382 188 2431 quaa
196 2369 287 2432 quidem
298 2372 435 2432 potestesse
446 2369 482 2418 rel
495 2381 524 2420 cx
534 2381 602 2420 causa
612 2369 736 2420 intrinseca
747 2373 770 2420 et
779 2368 887 2431 naturali,
898 2370 937 2420 rel

135 2453 165 2488 ex
186 2451 255 2488 causa
270 2440 398 2489 extrinseca
417 2443 440 2489 et
453 2438 602 2500 accidentali,
617 2441 675 2491 sieut
688 2453 728 2503 per
744 2439 894 2501 maleficium,
908 2442 938 2492 de

135 2521 180 2572 qua
193 2514 244 2572 post
258 2509 344 2560 dioetm
356 2509 410 2571 (art.
419 2509 454 2573 Ξ).
471 2509 497 2561 Si
511 2515 586 2562 aulem
603 2512 634 2564 eit
644 2523 673 2562 ex
686 2524 754 2562 cauea
763 2510 878 2569 naturali,
893 2511 938 2562 loc

135 2583 212 2644 potent
230 2593 282 2630 esee
302 2579 442 2643 dupliciter:
458 2581 513 2644 quia
530 2583 567 2632 vel
589 2587 627 2634 est
643 2582 790 2648 temporalia,
805 2581 843 2632 cni
859 2586 938 2645 potest

135 2651 252 2704 subveniri
266 2651 366 2702 remedio
378 2651 496 2704 medicine
506 2653 543 2704 vel
556 2666 665 2717 processu
681 2654 771 2715 atatis,
785 2657 810 2704 et
823 2656 879 2702 tuno
890 2666 937 2706 uon

136 2722 204 2774 noluit
221 2722 405 2786 matrimonium
420 2722 459 2774 uel
470 2728 507 2776 est
527 2728 647 2788 perpetua,
662 2729 687 2777 et
699 2717 755 2778 tune
767 2723 837 2776 aolrit
858 2726 936 2776 matri·

138 2792 247 2853 monium,
258 2791 289 2842 itu
305 2792 365 2855 quod
375 2792 413 2844 ille
422 2807 450 2846 en
463 2798 526 2858 parte
540 2794 605 2859 cujus
619 2797 727 2860 allegatur
736 2795 936 2858 impedimentum,

138 2863 248 2930 perpetui
261 2869 351 2918 maneat
367 2863 453 2930 meque
467 2879 509 2931 ape
521 2866 640 2932 conjugii,
652 2866 709 2920 ulus
719 2882 736 2914 u
749 2867 819 2918 nutat
828 2867 868 2918 cul
887 2869 937 2920 rult
