1946 3318
75 171 77 174 ’
118 180 166 228 too
247 188 447 236 surrcnrmnruu,
459 187 557 231 oumsr.
570 189 666 235 urrxrr,
679 187 737 224 nur.
755 187 792 224 nr.

120 263 281 330 principalium
294 265 509 324 instrumentorum,
523 267 547 313 et
561 264 611 314 haec
625 266 679 312 sunt
691 262 719 312 de
731 258 832 312 secunda
845 262 922 314 inien-

119 335 184 386 tione
198 335 253 385 artis
269 351 275 384 :
291 334 350 384 sicut
361 348 397 384 ars
412 333 518 384 militaris
528 333 598 383 ntitur
609 333 684 396 gladio
693 334 720 383 ad
731 333 834 394 beilum,
847 337 871 384 et
884 348 924 383 ra·

121 404 176 469 gind
199 406 227 455 ad
246 405 316 469 gladii
337 404 542 456 conseruationem.
560 407 594 454 fta
613 408 636 454 et
654 403 801 467 inpartibus
820 405 924 468 corporis

120 478 230 542 animati,
245 477 354 542 quedam
366 477 498 527 ordinantur
512 478 539 526 ad
552 475 695 542 operationes
706 475 789 526 animae
807 488 924 539 exequen-

122 550 181 610 das,
199 548 258 599 sicut
276 561 329 611 cor,
345 549 435 610 hepar,
450 561 531 597 manus
553 551 576 597 et
594 559 650 610 pes;
665 546 769 608 quedam
793 549 874 596 autern
896 548 922 597 ad

122 619 321 672 conseruationem
337 619 431 670 aliarum
446 620 560 682 partium,
575 619 636 668 sicut
649 617 704 668 fofia
715 621 768 668 sunt
781 617 811 666 ad
826 629 924 682 coopcr·
953 645 954 658 r

122 695 198 742 turam
215 691 327 740 fruetuum
342 706 348 741 ς
364 690 396 739 ita
409 689 477 740 etiam
490 689 567 754 capilli
581 693 604 738 ei
621 701 711 752 ungues
721 691 775 738 runt
791 689 925 740 irc-homine

122 761 152 810 ud
166 761 290 811 custodiam
308 760 401 812 aliarum
414 761 523 824 partium.
534 763 597 812 Unde
608 764 662 811 cunt
674 754 815 858 defende
832 761 925 824 perfec·

121 831 186 883 tione
199 831 301 896 corporis
310 831 414 895 humani,
425 833 529 895 quamuis
543 845 589 882 non
603 833 630 882 dc
646 831 733 896 prima,
748 834 772 881 et
789 832 845 894 onia
857 834 926 884 homo
954 863 955 878 t

107 895 111 912 '
125 908 229 966 resurget
239 903 263 952 in
277 904 339 954 omni
349 903 490 967 perfectione
502 917 549 954 sua
561 908 660 967 nature,
673 906 766 967 propter
775 903 822 954 froc
834 907 926 968 oportet

124 978 151 1025 ut
163 975 239 1039 capilli
253 979 276 1026 et
289 989 378 1039 ungues
390 976 547 1038 resurgentin
564 976 622 1041 ipso.
747 981 749 986 '

155 1047 189 1097 ttd
201 1046 300 1111 primum
314 1061 368 1110 ergo
383 1047 519 1111 dicendum,
533 1048 592 1112 quod
604 1048 649 1098 itte
659 1048 831 1111 superfluitates
844 1048 924 1111 expet·

122 1118 201 1168 luntur
213 1117 227 1168 a
240 1121 321 1169 natura
333 1119 398 1182 quasi
416 1120 443 1170 ad
464 1119 559 1186 nihilum
575 1119 659 1177 utiles;
675 1119 736 1168 unde
748 1131 796 1170 uon
807 1119 925 1181 pertinent

122 1189 153 1240 ad
166 1189 329 1252 perfectionem
342 1190 436 1240 humani
446 1190 556 1254 corporis.
567 1191 637 1241 Secus
648 1194 724 1240 autem
735 1193 771 1240 eet
784 1189 813 1240 de
825 1189 881 1240 uliis
890 1204 925 1239 su

123 1259 291 1324 perfluitatibns
304 1273 360 1324 quas
372 1265 453 1310 nutura
467 1261 511 1311 sihi
528 1262 611 1312 retinet
624 1262 651 1312 ad
670 1260 842 1324 generationem
855 1260 925 1324 capil-

123 1331 199 1382 lorum
214 1335 239 1382 ct
256 1331 381 1396 unguium,
393 1332 475 1395 quibus
488 1331 575 1396 indiget
588 1333 616 1382 ad
634 1330 786 1381 membrorum
800 1343 926 1381 conuerre-

122 1401 218 1455 tioncm.
503 1401 504 1408 ’

155 1474 191 1526 tid
209 1475 336 1526 secundum
354 1475 493 1537 dicendum,
509 1473 570 1536 quod
590 1473 676 1526 somine
694 1487 741 1524 non
761 1473 880 1537 indigetur
899 1475 926 1526 ad

125 1545 290 1608 perfectionem
303 1545 434 1616 individui,
448 1545 508 1597 sicut
516 1545 605 1610 capitiis
618 1548 641 1595 et
653 1545 766 1608 unguibus
773 1581 782 1608 ,
795 1547 839 1596 sod
852 1546 925 1598 eoiiuu

121 1615 153 1666 ad
167 1616 331 1682 perfectionem
345 1617 439 1682 speciei.
957 1641 958 1646 κ

158 1688 193 1739 Ad
206 1689 298 1739 tertium
309 1691 427 1742 dicendum
438 1688 516 1752 ,quid
533 1687 610 1752 capilli
619 1693 642 1740 et
656 1702 745 1752 ungues
760 1690 894 1744 demuntur
904 1691 926 1740 et

125 1763 248 1822 augentur,
258 1765 282 1812 ct
296 1761 329 1812 ric
339 1765 402 1824 patet
412 1759 474 1826 quod
488 1761 586 1824 aliquam
601 1759 758 1824 operationem
769 1760 924 1826 participentr

124 1829 189 1892 quod
207 1843 254 1882 non
275 1836 352 1896 posset
370 1846 437 1892 ecce,
455 1832 503 1882 nisi
518 1835 595 1882 essent
615 1835 691 1896 partes
712 1830 788 1894 orioro
810 1833 880 1882 modo
898 1831 924 1880 air
958 1843 959 1846 ¹

127 1899 206 1952 anima
223 1902 341 1966 perfectae3
355 1908 378 1952 et
393 1904 446 1966 quin
464 1903 488 1952 in
504 1902 597 1956 homine
607 1917 653 1954 non
670 1907 705 1954 est
727 1901 773 1952 nisi
789 1915 836 1954 nna
853 1903 926 1954 euim

130 1969 233 2037 (reticet
246 1973 323 2027 arima
343 1974 477 2039 rationalis)
489 2011 498 2038 ,
510 1978 599 2027 musici
614 1974 675 2037 quod
687 1975 719 2024 ab
732 1974 810 2024 enimn
823 1971 927 2024 rationed

128 2043 235 2108 perfecta
249 2048 316 2106 sunt,
328 2046 432 2108 quamvis
445 2059 493 2098 non
511 2059 583 2109 nsque
599 2047 625 2097 ed
636 2047 680 2096 troc
696 2044 755 2108 quod
772 2045 926 2108 operationem

132 2113 215 2167 sensis
228 2115 365 2180 participent
379 2117 437 2167 sicut
450 2130 492 2168 nee
505 2129 569 2180 ossa,
579 2117 698 2180 dequibus
712 2119 803 2166 constat
816 2117 879 2180 quod
891 2129 924 2168 re

127 2192 240 2254 surgent,
254 2191 279 2238 et
296 2192 351 2238 sunt
367 2190 395 2240 de
410 2189 542 2255 integritate
559 2189 679 2244 individui.

422 2367 582 2420 reflectes
600 2369 637 2419 111.

123 2496 145 2544 tf
233 2497 237 2516 '
274 2493 359 2539 ilfriem
380 2494 492 2539 humores
506 2496 533 2539 in
547 2495 784 2550 cmporercrurgerti.

162 2619 198 2670 tid
211 2619 303 2672 tortium
314 2620 348 2671 ric
356 2620 492 2685 proceditur.
502 2619 596 2670 Videtur
606 2619 667 2684 quod
680 2621 788 2670 hnmorm
798 2618 823 2670 iu
839 2631 928 2684 corpore

126 2703 175 2742 non
196 2696 322 2756 resurgent.
337 2691 394 2752 Quia
407 2694 416 2744 1
429 2693 499 2747 Cor„
513 2691 568 2752 XV,
583 2691 667 2742 dicitur
681 2703 688 2740 ε
704 2707 718 2737 «
731 2691 790 2741 Coro
802 2695 826 2740 et
836 2689 927 2754 saumis

131 2773 228 2825 regnum
245 2763 285 2815 liei
299 2764 416 2828 possidere
432 2775 477 2814 uon
490 2766 597 2826 poscunt.
608 2778 622 2810 o
633 2762 678 2814 Sed
690 2761 783 2825 sanguis
796 2767 833 2814 est
842 2761 927 2828 princi·

131 2831 204 2896 puiior
221 2835 311 2886 humor.
329 2835 388 2898 Ergo
403 2847 451 2896 non
472 2837 575 2896 resurget
590 2833 615 2884 in
633 2832 706 2885 herus
725 2832 765 2897 qni
783 2846 881 2898 regnum
892 2830 927 2884 firi

129 2904 280 2968 possiderunt
290 2912 314 2959 et
327 2906 399 2967 multe
413 2904 489 2956 minis
497 2905 522 2954 in
535 2905 594 2958 aliis.
