<?xml version="1.0" encoding="UTF-8"?>
<!DOCTYPE html PUBLIC "-//W3C//DTD XHTML 1.0 Transitional//EN"
    "http://www.w3.org/TR/xhtml1/DTD/xhtml1-transitional.dtd">
<html xmlns="http://www.w3.org/1999/xhtml" xml:lang="en" lang="en">
 <head>
  <title>
</title>
<meta http-equiv="Content-Type" content="text/html;charset=utf-8" />
  <meta name='ocr-system' content='tesseract 3.04.00' />
  <meta name='ocr-capabilities' content='ocr_page ocr_carea ocr_par ocr_line ocrx_word'/>
</head>
<body>
  <div class='ocr_page' id='page_1' title='image "./summatheologica06nicogoog_0343.png"; bbox 0 0 1936 3306; ppageno 0'>
   <div class='ocr_carea' id='block_1_1' title="bbox 279 92 858 142">
    <p class='ocr_par' dir='ltr' id='par_1_1' title="bbox 279 92 858 142">
     <span class='ocr_line' id='line_1_1' title="bbox 279 92 858 142; baseline 0.019 -12"><span class='ocrx_word' id='word_1_1' title='bbox 279 94 310 131; x_wconf 79' lang='lat' dir='ltr'>llll</span> <span class='ocrx_word' id='word_1_2' title='bbox 323 92 463 133; x_wconf 67' lang='lat' dir='ltr'>Summus</span> <span class='ocrx_word' id='word_1_3' title='bbox 478 93 638 136; x_wconf 69' lang='grc' dir='ltr'><strong>ΙΟΒΤΠΟΙΠΙ.</strong></span> <span class='ocrx_word' id='word_1_4' title='bbox 813 93 858 142; x_wconf 73' lang='lat'>³³9</span> 
     </span>
    </p>
   </div>
   <div class='ocr_carea' id='block_1_2' title="bbox 42 168 928 2247">
    <p class='ocr_par' dir='ltr' id='par_1_2' title="bbox 42 168 928 2247">
     <span class='ocr_line' id='line_1_2' title="bbox 45 168 858 241; baseline 0.016 -22"><span class='ocrx_word' id='word_1_5' title='bbox 45 168 199 221; x_wconf 87' lang='lat' dir='ltr'>meritorium</span> <span class='ocrx_word' id='word_1_6' title='bbox 218 171 286 220; x_wconf 87' lang='lat' dir='ltr'>homo</span> <span class='ocrx_word' id='word_1_7' title='bbox 304 169 401 234; x_wconf 80' lang='lat' dir='ltr'>eequirit</span> <span class='ocrx_word' id='word_1_8' title='bbox 420 173 504 224; x_wconf 87' lang='lat' dir='ltr'>etatum</span> <span class='ocrx_word' id='word_1_9' title='bbox 517 171 682 238; x_wconf 80' lang='lat' dir='ltr'>beatitudiuis3</span> <span class='ocrx_word' id='word_1_10' title='bbox 700 177 815 241; x_wconf 82' lang='lat' dir='ltr'>secundo,</span> <span class='ocrx_word' id='word_1_11' title='bbox 830 181 858 232; x_wconf 91' lang='lat' dir='ltr'>ad</span> 
     </span>
     <span class='ocr_line' id='line_1_3' title="bbox 45 241 858 310; baseline 0.006 -14"><span class='ocrx_word' id='word_1_12' title='bbox 45 241 139 306; x_wconf 86' lang='lat' dir='ltr'>aliquid</span> <span class='ocrx_word' id='word_1_13' title='bbox 158 253 303 305; x_wconf 78' lang='lat' dir='ltr'>consequeus</span> <span class='ocrx_word' id='word_1_14' title='bbox 317 244 418 306; x_wconf 73' lang='lat' dir='ltr'>sotum,</span> <span class='ocrx_word' id='word_1_15' title='bbox 439 243 500 294; x_wconf 86' lang='lat' dir='ltr'>sieut</span> <span class='ocrx_word' id='word_1_16' title='bbox 518 244 588 294; x_wconf 87' lang='lat' dir='ltr'>homo</span> <span class='ocrx_word' id='word_1_17' title='bbox 601 257 643 309; x_wconf 90' lang='lat' dir='ltr'>per</span> <span class='ocrx_word' id='word_1_18' title='bbox 659 245 759 310; x_wconf 72' lang='lat' dir='ltr'>dionem</span> <span class='ocrx_word' id='word_1_19' title='bbox 781 253 858 301; x_wconf 89' lang='lat' dir='ltr'>actum</span> 
     </span>
     <span class='ocr_line' id='line_1_4' title="bbox 46 314 857 385; baseline 0.012 -19"><span class='ocrx_word' id='word_1_20' title='bbox 46 318 155 368; x_wconf 87' lang='lat' dir='ltr'>meretur</span> <span class='ocrx_word' id='word_1_21' title='bbox 173 315 263 379; x_wconf 82' lang='lat' dir='ltr'>aliquod</span> <span class='ocrx_word' id='word_1_22' title='bbox 272 314 390 377; x_wconf 86' lang='lat' dir='ltr'>premium</span> <span class='ocrx_word' id='word_1_23' title='bbox 406 315 542 368; x_wconf 80' lang='lat' dir='ltr'>accidentale</span> <span class='ocrx_word' id='word_1_24' title='bbox 551 316 588 368; x_wconf 87' lang='lat' dir='ltr'>uel</span> <span class='ocrx_word' id='word_1_25' title='bbox 604 317 759 375; x_wconf 76' lang='lat' dir='ltr'>dimissionem</span> <span class='ocrx_word' id='word_1_26' title='bbox 773 334 857 385; x_wconf 80' lang='lat' dir='ltr'>poeue.</span> 
     </span>
     <span class='ocr_line' id='line_1_5' title="bbox 44 387 856 459; baseline 0.009 -20"><span class='ocrx_word' id='word_1_27' title='bbox 44 390 78 439; x_wconf 79' lang='lat' dir='ltr'>td</span> <span class='ocrx_word' id='word_1_28' title='bbox 96 391 229 454; x_wconf 86' lang='lat' dir='ltr'>utrumque</span> <span class='ocrx_word' id='word_1_29' title='bbox 238 389 313 437; x_wconf 89' lang='lat' dir='ltr'>autem</span> <span class='ocrx_word' id='word_1_30' title='bbox 328 387 409 437; x_wconf 88' lang='lat' dir='ltr'>luorum</span> <span class='ocrx_word' id='word_1_31' title='bbox 423 389 487 437; x_wconf 89' lang='lat' dir='ltr'>actus</span> <span class='ocrx_word' id='word_1_32' title='bbox 500 391 579 442; x_wconf 87' lang='lat' dir='ltr'>noster</span> <span class='ocrx_word' id='word_1_33' title='bbox 593 389 712 454; x_wconf 75' lang='lat' dir='ltr'>dupliciter</span> <span class='ocrx_word' id='word_1_34' title='bbox 724 391 801 444; x_wconf 84' lang='lat' dir='ltr'>valere</span> <span class='ocrx_word' id='word_1_35' title='bbox 814 409 856 459; x_wconf 86' lang='lat' dir='ltr'>po·</span> 
     </span>
     <span class='ocr_line' id='line_1_6' title="bbox 43 457 855 531; baseline 0.006 -20"><span class='ocrx_word' id='word_1_36' title='bbox 43 462 108 511; x_wconf 87' lang='lat' dir='ltr'>test:</span> <span class='ocrx_word' id='word_1_37' title='bbox 126 472 180 510; x_wconf 89' lang='lat' dir='ltr'>uno</span> <span class='ocrx_word' id='word_1_38' title='bbox 189 459 256 509; x_wconf 89' lang='lat' dir='ltr'>modo</span> <span class='ocrx_word' id='word_1_39' title='bbox 265 469 307 522; x_wconf 87' lang='lat' dir='ltr'>por</span> <span class='ocrx_word' id='word_1_40' title='bbox 315 457 376 508; x_wconf 86' lang='lat' dir='ltr'>uiam</span> <span class='ocrx_word' id='word_1_41' title='bbox 388 457 472 520; x_wconf 87' lang='lat' dir='ltr'>meriti,</span> <span class='ocrx_word' id='word_1_42' title='bbox 482 457 527 510; x_wconf 89' lang='lat' dir='ltr'>alio</span> <span class='ocrx_word' id='word_1_43' title='bbox 536 460 603 512; x_wconf 89' lang='lat' dir='ltr'>modo</span> <span class='ocrx_word' id='word_1_44' title='bbox 614 473 656 524; x_wconf 89' lang='lat' dir='ltr'>per</span> <span class='ocrx_word' id='word_1_45' title='bbox 664 463 725 514; x_wconf 77' lang='lat' dir='ltr'>amm</span> <span class='ocrx_word' id='word_1_46' title='bbox 737 464 855 531; x_wconf 86' lang='lat' dir='ltr'>omtiouis;</span> 
     </span>
     <span class='ocr_line' id='line_1_7' title="bbox 43 529 858 596; baseline 0.009 -13"><span class='ocrx_word' id='word_1_47' title='bbox 43 533 117 583; x_wconf 84' lang='lat' dir='ltr'>etesi</span> <span class='ocrx_word' id='word_1_48' title='bbox 128 530 262 583; x_wconf 80' lang='lat' dir='ltr'>differentia</span> <span class='ocrx_word' id='word_1_49' title='bbox 274 530 334 580; x_wconf 88' lang='lat' dir='ltr'>iuter</span> <span class='ocrx_word' id='word_1_50' title='bbox 343 529 401 580; x_wconf 90' lang='lat' dir='ltr'>istas</span> <span class='ocrx_word' id='word_1_51' title='bbox 415 530 471 582; x_wconf 88' lang='lat' dir='ltr'>duas</span> <span class='ocrx_word' id='word_1_52' title='bbox 482 531 546 595; x_wconf 84' lang='lat' dir='ltr'>vias,</span> <span class='ocrx_word' id='word_1_53' title='bbox 557 531 611 596; x_wconf 89' lang='lat' dir='ltr'>quia</span> <span class='ocrx_word' id='word_1_54' title='bbox 627 533 733 585; x_wconf 87' lang='lat' dir='ltr'>meritum</span> <span class='ocrx_word' id='word_1_55' title='bbox 750 535 858 590; x_wconf 85' lang='lat' dir='ltr'>inuititur</span> 
     </span>
     <span class='ocr_line' id='line_1_8' title="bbox 42 601 857 674; baseline 0.006 -18"><span class='ocrx_word' id='word_1_56' title='bbox 42 603 166 669; x_wconf 81' lang='lat' dir='ltr'>justitiae,</span> <span class='ocrx_word' id='word_1_57' title='bbox 182 601 255 654; x_wconf 90' lang='lat' dir='ltr'>oratio</span> <span class='ocrx_word' id='word_1_58' title='bbox 270 605 346 654; x_wconf 88' lang='lat' dir='ltr'>autem</span> <span class='ocrx_word' id='word_1_59' title='bbox 360 601 522 654; x_wconf 64' lang='lat' dir='ltr'>misericordiae</span> <span class='ocrx_word' id='word_1_60' title='bbox 532 617 539 653; x_wconf 90' lang='lat'>:</span> <span class='ocrx_word' id='word_1_61' title='bbox 549 616 617 654; x_wconf 89' lang='lat' dir='ltr'>orans</span> <span class='ocrx_word' id='word_1_62' title='bbox 628 605 690 656; x_wconf 88' lang='lat' dir='ltr'>euim</span> <span class='ocrx_word' id='word_1_63' title='bbox 701 606 808 671; x_wconf 84' lang='lat' dir='ltr'>impetrat</span> <span class='ocrx_word' id='word_1_64' title='bbox 817 623 857 674; x_wconf 89' lang='lat' dir='ltr'>pe·</span> 
     </span>
     <span class='ocr_line' id='line_1_9' title="bbox 43 672 853 744; baseline 0.009 -18"><span class='ocrx_word' id='word_1_65' title='bbox 43 676 116 726; x_wconf 87' lang='lat' dir='ltr'>titum</span> <span class='ocrx_word' id='word_1_66' title='bbox 133 689 166 726; x_wconf 84' lang='lat' dir='ltr'>ex</span> <span class='ocrx_word' id='word_1_67' title='bbox 181 673 230 724; x_wconf 88' lang='lat' dir='ltr'>sola</span> <span class='ocrx_word' id='word_1_68' title='bbox 240 672 376 725; x_wconf 79' lang='lat' dir='ltr'>hlueralitate</span> <span class='ocrx_word' id='word_1_69' title='bbox 389 673 440 738; x_wconf 86' lang='lat' dir='ltr'>ejus</span> <span class='ocrx_word' id='word_1_70' title='bbox 456 674 497 738; x_wconf 82' lang='lat' dir='ltr'>qui</span> <span class='ocrx_word' id='word_1_71' title='bbox 509 679 595 728; x_wconf 89' lang='lat' dir='ltr'>oratur.</span> <span class='ocrx_word' id='word_1_72' title='bbox 612 676 736 728; x_wconf 74' lang='lat' dir='ltr'>licendum</span> <span class='ocrx_word' id='word_1_73' title='bbox 746 683 782 730; x_wconf 92' lang='lat' dir='ltr'>est</span> <span class='ocrx_word' id='word_1_74' title='bbox 798 693 853 744; x_wconf 76' lang='lat' dir='ltr'>eruo</span> 
     </span>
     <span class='ocr_line' id='line_1_10' title="bbox 44 743 856 812; baseline 0.01 -16"><span class='ocrx_word' id='word_1_75' title='bbox 44 745 109 812; x_wconf 82' lang='lat' dir='ltr'>quod</span> <span class='ocrx_word' id='word_1_76' title='bbox 120 759 186 811; x_wconf 88' lang='lat' dir='ltr'>opus</span> <span class='ocrx_word' id='word_1_77' title='bbox 196 745 267 796; x_wconf 88' lang='lat' dir='ltr'>unlus</span> <span class='ocrx_word' id='word_1_78' title='bbox 276 743 338 796; x_wconf 86' lang='lat' dir='ltr'>nullo</span> <span class='ocrx_word' id='word_1_79' title='bbox 348 745 414 797; x_wconf 90' lang='lat' dir='ltr'>modo</span> <span class='ocrx_word' id='word_1_80' title='bbox 424 749 502 810; x_wconf 84' lang='lat' dir='ltr'>potest</span> <span class='ocrx_word' id='word_1_81' title='bbox 510 745 576 797; x_wconf 91' lang='lat' dir='ltr'>alteri</span> <span class='ocrx_word' id='word_1_82' title='bbox 584 746 660 799; x_wconf 86' lang='lat' dir='ltr'>ualere</span> <span class='ocrx_word' id='word_1_83' title='bbox 670 749 699 799; x_wconf 89' lang='lat' dir='ltr'>ad</span> <span class='ocrx_word' id='word_1_84' title='bbox 708 753 856 803; x_wconf 77' lang='lat' dir='ltr'>statum-cou-</span> 
     </span>
     <span class='ocr_line' id='line_1_11' title="bbox 45 815 853 886; baseline 0.005 -16"><span class='ocrx_word' id='word_1_85' title='bbox 45 820 199 883; x_wconf 86' lang='lat' dir='ltr'>sequendum</span> <span class='ocrx_word' id='word_1_86' title='bbox 215 829 257 880; x_wconf 88' lang='lat' dir='ltr'>per</span> <span class='ocrx_word' id='word_1_87' title='bbox 269 815 330 866; x_wconf 72' lang='lat' dir='ltr'>dam</span> <span class='ocrx_word' id='word_1_88' title='bbox 343 817 435 881; x_wconf 87' lang='lat' dir='ltr'>meriti,</span> <span class='ocrx_word' id='word_1_89' title='bbox 450 820 476 869; x_wconf 91' lang='lat' dir='ltr'>ut</span> <span class='ocrx_word' id='word_1_90' title='bbox 488 817 578 868; x_wconf 79' lang='lat' dir='ltr'>scilimt</span> <span class='ocrx_word' id='word_1_91' title='bbox 592 830 621 870; x_wconf 87' lang='lat' dir='ltr'>ex</span> <span class='ocrx_word' id='word_1_92' title='bbox 636 819 674 870; x_wconf 90' lang='lat' dir='ltr'>his</span> <span class='ocrx_word' id='word_1_93' title='bbox 690 834 741 885; x_wconf 79' lang='lat' dir='ltr'>que</span> <span class='ocrx_word' id='word_1_94' title='bbox 758 834 802 886; x_wconf 71' lang='lat' dir='ltr'>ego</span> <span class='ocrx_word' id='word_1_95' title='bbox 815 823 853 874; x_wconf 86' lang='lat' dir='ltr'>la-</span> 
     </span>
     <span class='ocr_line' id='line_1_12' title="bbox 46 887 855 956; baseline 0.01 -16"><span class='ocrx_word' id='word_1_96' title='bbox 46 890 84 941; x_wconf 92' lang='lat' dir='ltr'>ciu</span> <span class='ocrx_word' id='word_1_97' title='bbox 98 889 190 955; x_wconf 87' lang='lat' dir='ltr'>aliquis</span> <span class='ocrx_word' id='word_1_98' title='bbox 203 887 396 940; x_wconf 85' lang='lat' dir='ltr'>mereaturuitam</span> <span class='ocrx_word' id='word_1_99' title='bbox 407 893 530 953; x_wconf 79' lang='lat' dir='ltr'>mtemam3</span> <span class='ocrx_word' id='word_1_100' title='bbox 542 889 596 954; x_wconf 87' lang='lat' dir='ltr'>quia</span> <span class='ocrx_word' id='word_1_101' title='bbox 606 901 655 942; x_wconf 90' lang='lat' dir='ltr'>sors</span> <span class='ocrx_word' id='word_1_102' title='bbox 664 891 742 956; x_wconf 74' lang='lat' dir='ltr'>gloriae</span> <span class='ocrx_word' id='word_1_103' title='bbox 753 895 855 948; x_wconf 77' lang='lat' dir='ltr'>redditur</span> 
     </span>
     <span class='ocr_line' id='line_1_13' title="bbox 44 960 854 1027; baseline 0.005 -13"><span class='ocrx_word' id='word_1_104' title='bbox 44 962 182 1014; x_wconf 83' lang='lat' dir='ltr'>secuudum</span> <span class='ocrx_word' id='word_1_105' title='bbox 200 973 329 1012; x_wconf 86' lang='lat' dir='ltr'>mensuram</span> <span class='ocrx_word' id='word_1_106' title='bbox 340 960 488 1026; x_wconf 85' lang='lat' dir='ltr'>accipientis,</span> <span class='ocrx_word' id='word_1_107' title='bbox 502 962 659 1027; x_wconf 78' lang='lat' dir='ltr'>uuusquisque</span> <span class='ocrx_word' id='word_1_108' title='bbox 671 968 746 1015; x_wconf 90' lang='lat' dir='ltr'>autem</span> <span class='ocrx_word' id='word_1_109' title='bbox 760 979 790 1016; x_wconf 86' lang='lat' dir='ltr'>es</span> <span class='ocrx_word' id='word_1_110' title='bbox 803 972 854 1018; x_wconf 86' lang='lat' dir='ltr'>actu</span> 
     </span>
     <span class='ocr_line' id='line_1_14' title="bbox 45 1031 855 1103; baseline 0.004 -18"><span class='ocrx_word' id='word_1_111' title='bbox 45 1048 89 1086; x_wconf 92' lang='lat' dir='ltr'>suo</span> <span class='ocrx_word' id='word_1_112' title='bbox 106 1033 255 1099; x_wconf 80' lang='lat' dir='ltr'>disponitur,</span> <span class='ocrx_word' id='word_1_113' title='bbox 266 1035 290 1082; x_wconf 89' lang='lat' dir='ltr'>et</span> <span class='ocrx_word' id='word_1_114' title='bbox 300 1045 347 1084; x_wconf 88' lang='lat' dir='ltr'>eou</span> <span class='ocrx_word' id='word_1_115' title='bbox 356 1045 385 1083; x_wconf 86' lang='lat' dir='ltr'>er</span> <span class='ocrx_word' id='word_1_116' title='bbox 397 1031 486 1098; x_wconf 84' lang='lat' dir='ltr'>alieno,</span> <span class='ocrx_word' id='word_1_117' title='bbox 497 1037 521 1085; x_wconf 85' lang='lat' dir='ltr'>et</span> <span class='ocrx_word' id='word_1_118' title='bbox 531 1033 583 1086; x_wconf 88' lang='lat' dir='ltr'>dico</span> <span class='ocrx_word' id='word_1_119' title='bbox 596 1033 769 1100; x_wconf 83' lang='lat' dir='ltr'>dispositionem</span> <span class='ocrx_word' id='word_1_120' title='bbox 780 1037 855 1103; x_wconf 74' lang='lat' dir='ltr'>digui-</span> 
     </span>
     <span class='ocr_line' id='line_1_15' title="bbox 44 1103 860 1171; baseline 0.006 -15"><span class='ocrx_word' id='word_1_121' title='bbox 44 1106 101 1158; x_wconf 82' lang='lat' dir='ltr'>tatis</span> <span class='ocrx_word' id='word_1_122' title='bbox 116 1107 149 1157; x_wconf 92' lang='lat' dir='ltr'>ad</span> <span class='ocrx_word' id='word_1_123' title='bbox 163 1104 299 1170; x_wconf 81' lang='lat' dir='ltr'>premium:</span> <span class='ocrx_word' id='word_1_124' title='bbox 315 1103 356 1156; x_wconf 84' lang='lat' dir='ltr'>aed</span> <span class='ocrx_word' id='word_1_125' title='bbox 370 1117 411 1168; x_wconf 85' lang='lat' dir='ltr'>per</span> <span class='ocrx_word' id='word_1_126' title='bbox 426 1103 488 1156; x_wconf 81' lang='lat' dir='ltr'>uiam</span> <span class='ocrx_word' id='word_1_127' title='bbox 499 1103 608 1157; x_wconf 87' lang='lat' dir='ltr'>orationis</span> <span class='ocrx_word' id='word_1_128' title='bbox 621 1106 689 1157; x_wconf 88' lang='lat' dir='ltr'>etiam</span> <span class='ocrx_word' id='word_1_129' title='bbox 702 1112 812 1171; x_wconf 80' lang='lat' dir='ltr'>quantum</span> <span class='ocrx_word' id='word_1_130' title='bbox 826 1112 860 1162; x_wconf 91' lang='lat' dir='ltr'>ad</span> 
     </span>
     <span class='ocr_line' id='line_1_16' title="bbox 45 1175 928 1242; baseline 0.009 -16"><span class='ocrx_word' id='word_1_131' title='bbox 45 1179 136 1228; x_wconf 88' lang='lat' dir='ltr'>statum</span> <span class='ocrx_word' id='word_1_132' title='bbox 150 1175 347 1240; x_wconf 85' lang='lat' dir='ltr'>consequendum,</span> <span class='ocrx_word' id='word_1_133' title='bbox 357 1188 414 1238; x_wconf 91' lang='lat' dir='ltr'>opus</span> <span class='ocrx_word' id='word_1_134' title='bbox 429 1175 497 1226; x_wconf 83' lang='lat' dir='ltr'>unius</span> <span class='ocrx_word' id='word_1_135' title='bbox 511 1176 585 1239; x_wconf 81' lang='lat' dir='ltr'>elteri,</span> <span class='ocrx_word' id='word_1_136' title='bbox 600 1179 654 1228; x_wconf 87' lang='lat' dir='ltr'>dum</span> <span class='ocrx_word' id='word_1_137' title='bbox 665 1183 700 1229; x_wconf 89' lang='lat' dir='ltr'>est</span> <span class='ocrx_word' id='word_1_138' title='bbox 712 1178 738 1228; x_wconf 90' lang='lat' dir='ltr'>iu</span> <span class='ocrx_word' id='word_1_139' title='bbox 747 1179 798 1242; x_wconf 84' lang='lat' dir='ltr'>rie,</span> <span class='ocrx_word' id='word_1_140' title='bbox 814 1195 854 1233; x_wconf 88' lang='lat' dir='ltr'>ua·</span> <span class='ocrx_word' id='word_1_141' title='bbox 924 1190 928 1197; x_wconf 87' lang='grc'><em>“</em></span> 
     </span>
     <span class='ocr_line' id='line_1_17' title="bbox 46 1246 853 1316; baseline 0.009 -19"><span class='ocrx_word' id='word_1_142' title='bbox 46 1247 94 1300; x_wconf 91' lang='lat' dir='ltr'>lere</span> <span class='ocrx_word' id='word_1_143' title='bbox 107 1251 203 1314; x_wconf 86' lang='lat' dir='ltr'>potest,</span> <span class='ocrx_word' id='word_1_144' title='bbox 216 1246 343 1310; x_wconf 79' lang='lat' dir='ltr'>sicutquod</span> <span class='ocrx_word' id='word_1_145' title='bbox 354 1260 415 1298; x_wconf 84' lang='lat' dir='ltr'>uuus</span> <span class='ocrx_word' id='word_1_146' title='bbox 428 1248 497 1300; x_wconf 86' lang='lat' dir='ltr'>homo</span> <span class='ocrx_word' id='word_1_147' title='bbox 508 1248 616 1312; x_wconf 80' lang='lat' dir='ltr'>impetret</span> <span class='ocrx_word' id='word_1_148' title='bbox 625 1249 690 1300; x_wconf 88' lang='lat' dir='ltr'>alteri</span> <span class='ocrx_word' id='word_1_149' title='bbox 698 1250 795 1315; x_wconf 91' lang='lat' dir='ltr'>primam</span> <span class='ocrx_word' id='word_1_150' title='bbox 803 1267 853 1316; x_wconf 82' lang='lat' dir='ltr'>gra-</span> 
     </span>
     <span class='ocr_line' id='line_1_18' title="bbox 46 1319 854 1386; baseline 0.009 -18"><span class='ocrx_word' id='word_1_151' title='bbox 46 1319 122 1386; x_wconf 82' lang='lat' dir='ltr'>tiem3</span> <span class='ocrx_word' id='word_1_152' title='bbox 136 1319 191 1370; x_wconf 83' lang='lat' dir='ltr'>cium</span> <span class='ocrx_word' id='word_1_153' title='bbox 200 1319 271 1384; x_wconf 83' lang='lat' dir='ltr'>igitur</span> <span class='ocrx_word' id='word_1_154' title='bbox 284 1319 416 1383; x_wconf 84' lang='lat' dir='ltr'>impetratio</span> <span class='ocrx_word' id='word_1_155' title='bbox 430 1319 538 1370; x_wconf 83' lang='lat' dir='ltr'>orationis</span> <span class='ocrx_word' id='word_1_156' title='bbox 549 1320 580 1372; x_wconf 87' lang='lat' dir='ltr'>sit</span> <span class='ocrx_word' id='word_1_157' title='bbox 593 1319 719 1372; x_wconf 85' lang='lat' dir='ltr'>secuudium</span> <span class='ocrx_word' id='word_1_158' title='bbox 731 1321 854 1376; x_wconf 82' lang='lat' dir='ltr'>litteralite-</span> 
     </span>
     <span class='ocr_line' id='line_1_19' title="bbox 47 1390 852 1459; baseline 0.002 -17"><span class='ocrx_word' id='word_1_159' title='bbox 47 1396 95 1443; x_wconf 89' lang='lat' dir='ltr'>tem</span> <span class='ocrx_word' id='word_1_160' title='bbox 109 1391 154 1443; x_wconf 82' lang='lat' dir='ltr'>liei</span> <span class='ocrx_word' id='word_1_161' title='bbox 167 1391 306 1456; x_wconf 77' lang='lat' dir='ltr'>quietatur,</span> <span class='ocrx_word' id='word_1_162' title='bbox 320 1391 347 1442; x_wconf 88' lang='lat' dir='ltr'>ad</span> <span class='ocrx_word' id='word_1_163' title='bbox 360 1390 436 1442; x_wconf 83' lang='lat' dir='ltr'>ommia</span> <span class='ocrx_word' id='word_1_164' title='bbox 449 1392 489 1442; x_wconf 91' lang='lat' dir='ltr'>illa</span> <span class='ocrx_word' id='word_1_165' title='bbox 502 1392 634 1456; x_wconf 83' lang='lat' dir='ltr'>impetratio</span> <span class='ocrx_word' id='word_1_166' title='bbox 647 1392 756 1444; x_wconf 84' lang='lat' dir='ltr'>orationis</span> <span class='ocrx_word' id='word_1_167' title='bbox 769 1406 794 1444; x_wconf 89' lang='lat' dir='ltr'>se</span> <span class='ocrx_word' id='word_1_168' title='bbox 811 1408 852 1459; x_wconf 89' lang='lat' dir='ltr'>po-</span> 
     </span>
     <span class='ocr_line' id='line_1_20' title="bbox 48 1463 852 1528; baseline 0.002 -12"><span class='ocrx_word' id='word_1_169' title='bbox 48 1467 93 1516; x_wconf 90' lang='lat' dir='ltr'>test</span> <span class='ocrx_word' id='word_1_170' title='bbox 115 1465 257 1528; x_wconf 83' lang='lat' dir='ltr'>extendere,</span> <span class='ocrx_word' id='word_1_171' title='bbox 272 1477 322 1527; x_wconf 78' lang='lat' dir='ltr'>quo</span> <span class='ocrx_word' id='word_1_172' title='bbox 339 1463 448 1528; x_wconf 86' lang='lat' dir='ltr'>potestati</span> <span class='ocrx_word' id='word_1_173' title='bbox 463 1463 546 1516; x_wconf 83' lang='lat' dir='ltr'>dluiuae</span> <span class='ocrx_word' id='word_1_174' title='bbox 562 1465 659 1517; x_wconf 83' lang='lat' dir='ltr'>subsunt</span> <span class='ocrx_word' id='word_1_175' title='bbox 680 1464 791 1516; x_wconf 78' lang='lat' dir='ltr'>ordinate.</span> <span class='ocrx_word' id='word_1_176' title='bbox 806 1466 852 1518; x_wconf 86' lang='lat' dir='ltr'>Sed</span> 
     </span>
     <span class='ocr_line' id='line_1_21' title="bbox 48 1535 852 1600; baseline 0.002 -13"><span class='ocrx_word' id='word_1_177' title='bbox 48 1538 163 1598; x_wconf 86' lang='lat' dir='ltr'>quamtum</span> <span class='ocrx_word' id='word_1_178' title='bbox 177 1535 206 1586; x_wconf 85' lang='lat' dir='ltr'>ad</span> <span class='ocrx_word' id='word_1_179' title='bbox 220 1535 304 1600; x_wconf 88' lang='lat' dir='ltr'>aliquid</span> <span class='ocrx_word' id='word_1_180' title='bbox 319 1536 378 1600; x_wconf 88' lang='lat' dir='ltr'>quod</span> <span class='ocrx_word' id='word_1_181' title='bbox 393 1538 586 1600; x_wconf 82' lang='lat' dir='ltr'>estoousequeus</span> <span class='ocrx_word' id='word_1_182' title='bbox 599 1537 637 1586; x_wconf 88' lang='lat' dir='ltr'>uel</span> <span class='ocrx_word' id='word_1_183' title='bbox 654 1537 804 1588; x_wconf 76' lang='lat' dir='ltr'>accessorium</span> <span class='ocrx_word' id='word_1_184' title='bbox 822 1539 852 1589; x_wconf 90' lang='lat' dir='ltr'>ad</span> 
     </span>
     <span class='ocr_line' id='line_1_22' title="bbox 49 1607 850 1674; baseline 0.005 -14"><span class='ocrx_word' id='word_1_185' title='bbox 49 1612 153 1674; x_wconf 90' lang='lat' dir='ltr'>etatum,</span> <span class='ocrx_word' id='word_1_186' title='bbox 169 1620 227 1673; x_wconf 92' lang='lat' dir='ltr'>opus</span> <span class='ocrx_word' id='word_1_187' title='bbox 239 1607 305 1659; x_wconf 89' lang='lat' dir='ltr'>unius</span> <span class='ocrx_word' id='word_1_188' title='bbox 321 1612 396 1673; x_wconf 89' lang='lat' dir='ltr'>potest</span> <span class='ocrx_word' id='word_1_189' title='bbox 410 1609 485 1662; x_wconf 86' lang='lat' dir='ltr'>ualere</span> <span class='ocrx_word' id='word_1_190' title='bbox 497 1609 577 1671; x_wconf 91' lang='lat' dir='ltr'>alteri,</span> <span class='ocrx_word' id='word_1_191' title='bbox 591 1622 639 1661; x_wconf 84' lang='lat' dir='ltr'>uon</span> <span class='ocrx_word' id='word_1_192' title='bbox 653 1607 778 1674; x_wconf 84' lang='lat' dir='ltr'>sollmper</span> <span class='ocrx_word' id='word_1_193' title='bbox 790 1611 850 1664; x_wconf 88' lang='lat' dir='ltr'>viam</span> 
     </span>
     <span class='ocr_line' id='line_1_23' title="bbox 50 1675 924 1746; baseline 0.003 -14"><span class='ocrx_word' id='word_1_194' title='bbox 50 1682 176 1744; x_wconf 86' lang='lat' dir='ltr'>orationis,</span> <span class='ocrx_word' id='word_1_195' title='bbox 193 1680 313 1731; x_wconf 88' lang='lat' dir='ltr'>sedetiam</span> <span class='ocrx_word' id='word_1_196' title='bbox 326 1681 435 1744; x_wconf 84' lang='lat' dir='ltr'>peruiam</span> <span class='ocrx_word' id='word_1_197' title='bbox 449 1679 534 1732; x_wconf 86' lang='lat' dir='ltr'>meriti.</span> <span class='ocrx_word' id='word_1_198' title='bbox 544 1681 609 1741; x_wconf 82' lang='lat' dir='ltr'>Quod</span> <span class='ocrx_word' id='word_1_199' title='bbox 627 1681 719 1744; x_wconf 82' lang='lat' dir='ltr'>quidem</span> <span class='ocrx_word' id='word_1_200' title='bbox 732 1681 851 1746; x_wconf 83' lang='lat' dir='ltr'>dupliciter</span> <span class='ocrx_word' id='word_1_201' title='bbox 916 1675 924 1686; x_wconf 76' lang='grc'><strong>’</strong></span> 
     </span>
     <span class='ocr_line' id='line_1_24' title="bbox 50 1751 851 1817; baseline 0.005 -13"><span class='ocrx_word' id='word_1_202' title='bbox 50 1753 176 1817; x_wconf 82' lang='lat' dir='ltr'>contingit3</span> <span class='ocrx_word' id='word_1_203' title='bbox 193 1753 231 1804; x_wconf 88' lang='lat' dir='ltr'>uel</span> <span class='ocrx_word' id='word_1_204' title='bbox 244 1756 336 1817; x_wconf 88' lang='lat' dir='ltr'>pmpter</span> <span class='ocrx_word' id='word_1_205' title='bbox 347 1752 562 1804; x_wconf 85' lang='lat' dir='ltr'>communicauliam</span> <span class='ocrx_word' id='word_1_206' title='bbox 575 1753 599 1802; x_wconf 90' lang='lat' dir='ltr'>iu</span> <span class='ocrx_word' id='word_1_207' title='bbox 607 1751 683 1803; x_wconf 87' lang='lat' dir='ltr'>radice</span> <span class='ocrx_word' id='word_1_208' title='bbox 695 1752 773 1816; x_wconf 89' lang='lat' dir='ltr'>operis</span> <span class='ocrx_word' id='word_1_209' title='bbox 779 1789 788 1815; x_wconf 92' lang='lat'><em>‚</em></span> <span class='ocrx_word' id='word_1_210' title='bbox 801 1767 851 1817; x_wconf 81' lang='lat' dir='ltr'>quae</span> 
     </span>
     <span class='ocr_line' id='line_1_25' title="bbox 51 1823 851 1888; baseline 0.005 -13"><span class='ocrx_word' id='word_1_211' title='bbox 51 1828 87 1876; x_wconf 88' lang='lat' dir='ltr'>est</span> <span class='ocrx_word' id='word_1_212' title='bbox 100 1824 201 1875; x_wconf 83' lang='lat' dir='ltr'>charitas</span> <span class='ocrx_word' id='word_1_213' title='bbox 210 1823 235 1873; x_wconf 89' lang='lat' dir='ltr'>iu</span> <span class='ocrx_word' id='word_1_214' title='bbox 251 1823 357 1888; x_wconf 86' lang='lat' dir='ltr'>operibus</span> <span class='ocrx_word' id='word_1_215' title='bbox 367 1823 505 1888; x_wconf 85' lang='lat' dir='ltr'>meritoriis,</span> <span class='ocrx_word' id='word_1_216' title='bbox 521 1827 545 1874; x_wconf 88' lang='lat' dir='ltr'>et</span> <span class='ocrx_word' id='word_1_217' title='bbox 552 1823 605 1874; x_wconf 89' lang='lat' dir='ltr'>ideo</span> <span class='ocrx_word' id='word_1_218' title='bbox 614 1836 695 1874; x_wconf 88' lang='lat' dir='ltr'>omues</span> <span class='ocrx_word' id='word_1_219' title='bbox 705 1823 745 1888; x_wconf 85' lang='lat' dir='ltr'>qui</span> <span class='ocrx_word' id='word_1_220' title='bbox 758 1825 802 1876; x_wconf 87' lang='lat' dir='ltr'>sibi</span> <span class='ocrx_word' id='word_1_221' title='bbox 816 1827 851 1880; x_wconf 88' lang='lat' dir='ltr'>iu-</span> 
     </span>
     <span class='ocr_line' id='line_1_26' title="bbox 51 1893 849 1959; baseline 0.001 -13"><span class='ocrx_word' id='word_1_222' title='bbox 51 1897 124 1946; x_wconf 83' lang='lat' dir='ltr'>ricem</span> <span class='ocrx_word' id='word_1_223' title='bbox 142 1895 254 1946; x_wconf 88' lang='lat' dir='ltr'>charitate</span> <span class='ocrx_word' id='word_1_224' title='bbox 268 1897 432 1946; x_wconf 87' lang='lat' dir='ltr'>connectuntur</span> <span class='ocrx_word' id='word_1_225' title='bbox 436 1931 446 1957; x_wconf 92' lang='lat'><em>‚</em></span> <span class='ocrx_word' id='word_1_226' title='bbox 460 1893 551 1959; x_wconf 80' lang='lat' dir='ltr'>aliquod</span> <span class='ocrx_word' id='word_1_227' title='bbox 562 1895 739 1946; x_wconf 87' lang='lat' dir='ltr'>emolumentum</span> <span class='ocrx_word' id='word_1_228' title='bbox 754 1909 783 1946; x_wconf 87' lang='lat' dir='ltr'>ex</span> <span class='ocrx_word' id='word_1_229' title='bbox 798 1911 849 1948; x_wconf 88' lang='lat' dir='ltr'>mu-</span> 
     </span>
     <span class='ocr_line' id='line_1_27' title="bbox 52 1967 850 2034; baseline 0 -14"><span class='ocrx_word' id='word_1_230' title='bbox 52 1970 97 2020; x_wconf 86' lang='lat' dir='ltr'>tuis</span> <span class='ocrx_word' id='word_1_231' title='bbox 110 1969 219 2032; x_wconf 87' lang='lat' dir='ltr'>opcrlbus</span> <span class='ocrx_word' id='word_1_232' title='bbox 234 1970 365 2032; x_wconf 87' lang='lat' dir='ltr'>reportant,</span> <span class='ocrx_word' id='word_1_233' title='bbox 387 1970 464 2018; x_wconf 85' lang='lat' dir='ltr'>tamen</span> <span class='ocrx_word' id='word_1_234' title='bbox 485 1967 610 2034; x_wconf 83' lang='lat' dir='ltr'>secuudim</span> <span class='ocrx_word' id='word_1_235' title='bbox 631 1980 758 2018; x_wconf 86' lang='lat' dir='ltr'>mensuram</span> <span class='ocrx_word' id='word_1_236' title='bbox 777 1969 850 2020; x_wconf 84' lang='lat' dir='ltr'>statuis</span> 
     </span>
     <span class='ocr_line' id='line_1_28' title="bbox 53 2039 850 2106; baseline 0.004 -16"><span class='ocrx_word' id='word_1_237' title='bbox 53 2041 248 2106; x_wconf 77' lang='lat' dir='ltr'>uuiuscujusque3</span> <span class='ocrx_word' id='word_1_238' title='bbox 263 2039 393 2104; x_wconf 80' lang='lat' dir='ltr'>quiaetiem</span> <span class='ocrx_word' id='word_1_239' title='bbox 407 2039 517 2104; x_wconf 82' lang='lat' dir='ltr'>lupatria</span> <span class='ocrx_word' id='word_1_240' title='bbox 532 2040 688 2106; x_wconf 78' lang='lat' dir='ltr'>uuusquisque</span> <span class='ocrx_word' id='word_1_241' title='bbox 703 2040 809 2104; x_wconf 82' lang='lat' dir='ltr'>gaudebil</span> <span class='ocrx_word' id='word_1_242' title='bbox 822 2043 850 2093; x_wconf 89' lang='lat' dir='ltr'>de</span> 
     </span>
     <span class='ocr_line' id='line_1_29' title="bbox 54 2107 848 2176; baseline -0.001 -13"><span class='ocrx_word' id='word_1_243' title='bbox 54 2112 117 2164; x_wconf 86' lang='lat' dir='ltr'>bouis</span> <span class='ocrx_word' id='word_1_244' title='bbox 128 2111 230 2176; x_wconf 89' lang='lat' dir='ltr'>alterius,</span> <span class='ocrx_word' id='word_1_245' title='bbox 242 2111 294 2162; x_wconf 86' lang='lat' dir='ltr'>iude</span> <span class='ocrx_word' id='word_1_246' title='bbox 302 2115 337 2162; x_wconf 88' lang='lat' dir='ltr'>est</span> <span class='ocrx_word' id='word_1_247' title='bbox 347 2111 408 2176; x_wconf 84' lang='lat' dir='ltr'>quod</span> <span class='ocrx_word' id='word_1_248' title='bbox 420 2107 687 2176; x_wconf 83' lang='lat' dir='ltr'>articulueddeipouitur</span> <span class='ocrx_word' id='word_1_249' title='bbox 697 2112 848 2162; x_wconf 78' lang='lat' dir='ltr'>Sanctorum</span> 
     </span>
     <span class='ocr_line' id='line_1_30' title="bbox 55 2182 849 2247; baseline 0 -13"><span class='ocrx_word' id='word_1_250' title='bbox 55 2185 204 2235; x_wconf 84' lang='lat' dir='ltr'>communio.</span> <span class='ocrx_word' id='word_1_251' title='bbox 229 2183 278 2234; x_wconf 81' lang='lat' dir='ltr'>llio</span> <span class='ocrx_word' id='word_1_252' title='bbox 298 2183 364 2234; x_wconf 90' lang='lat' dir='ltr'>mode</span> <span class='ocrx_word' id='word_1_253' title='bbox 383 2196 412 2234; x_wconf 87' lang='lat' dir='ltr'>ex</span> <span class='ocrx_word' id='word_1_254' title='bbox 427 2183 554 2234; x_wconf 87' lang='lat' dir='ltr'>intentione</span> <span class='ocrx_word' id='word_1_255' title='bbox 574 2183 697 2246; x_wconf 85' lang='lat' dir='ltr'>facientis,</span> <span class='ocrx_word' id='word_1_256' title='bbox 719 2182 758 2245; x_wconf 84' lang='lat' dir='ltr'>qui</span> <span class='ocrx_word' id='word_1_257' title='bbox 774 2183 849 2247; x_wconf 83' lang='lat' dir='ltr'>aliqua</span> 
     </span>
    </p>
   </div>
   <div class='ocr_carea' id='block_1_3' title="bbox 56 2253 954 2391">
    <p class='ocr_par' dir='ltr' id='par_1_3' title="bbox 56 2253 954 2391">
     <span class='ocr_line' id='line_1_31' title="bbox 56 2253 954 2320; baseline -0.001 -15"><span class='ocrx_word' id='word_1_258' title='bbox 56 2267 119 2320; x_wconf 87' lang='lat' dir='ltr'>opera</span> <span class='ocrx_word' id='word_1_259' title='bbox 128 2255 260 2320; x_wconf 86' lang='lat' dir='ltr'>specialiter</span> <span class='ocrx_word' id='word_1_260' title='bbox 268 2255 348 2305; x_wconf 87' lang='lat' dir='ltr'>adhoc</span> <span class='ocrx_word' id='word_1_261' title='bbox 357 2255 413 2310; x_wconf 86' lang='lat' dir='ltr'>facit</span> <span class='ocrx_word' id='word_1_262' title='bbox 422 2257 448 2304; x_wconf 92' lang='lat' dir='ltr'>ut</span> <span class='ocrx_word' id='word_1_263' title='bbox 457 2253 644 2320; x_wconf 82' lang='lat' dir='ltr'>talihmpmsiut.</span> <span class='ocrx_word' id='word_1_264' title='bbox 654 2254 718 2305; x_wconf 89' lang='lat' dir='ltr'>Unde</span> <span class='ocrx_word' id='word_1_265' title='bbox 726 2253 771 2304; x_wconf 85' lang='lat' dir='ltr'>ista</span> <span class='ocrx_word' id='word_1_266' title='bbox 779 2266 848 2318; x_wconf 88' lang='lat' dir='ltr'>opera</span> <span class='ocrx_word' id='word_1_267' title='bbox 953 2293 954 2304; x_wconf 67' lang='grc'>,</span> 
     </span>
     <span class='ocr_line' id='line_1_32' title="bbox 56 2325 954 2391; baseline 0.001 -14"><span class='ocrx_word' id='word_1_268' title='bbox 56 2328 215 2391; x_wconf 85' lang='lat' dir='ltr'>quodammodo</span> <span class='ocrx_word' id='word_1_269' title='bbox 228 2327 357 2378; x_wconf 82' lang='lat' dir='ltr'>eliciuntur</span> <span class='ocrx_word' id='word_1_270' title='bbox 377 2339 455 2378; x_wconf 86' lang='lat' dir='ltr'>eorum</span> <span class='ocrx_word' id='word_1_271' title='bbox 469 2339 510 2390; x_wconf 91' lang='lat' dir='ltr'>pro</span> <span class='ocrx_word' id='word_1_272' title='bbox 524 2327 605 2391; x_wconf 85' lang='lat' dir='ltr'>quibus</span> <span class='ocrx_word' id='word_1_273' title='bbox 619 2327 691 2388; x_wconf 86' lang='lat' dir='ltr'>dunt,</span> <span class='ocrx_word' id='word_1_274' title='bbox 706 2325 772 2389; x_wconf 90' lang='lat' dir='ltr'>quasi</span> <span class='ocrx_word' id='word_1_275' title='bbox 786 2326 819 2377; x_wconf 87' lang='lat' dir='ltr'>eis</span> <span class='ocrx_word' id='word_1_276' title='bbox 834 2327 848 2378; x_wconf 79' lang='lat' dir='ltr'>d</span> <span class='ocrx_word' id='word_1_277' title='bbox 953 2337 954 2366; x_wconf 68' lang='lat'><em>³</em></span> 
     </span>
    </p>
   </div>
   <div class='ocr_carea' id='block_1_4' title="bbox 55 2396 949 2896">
    <p class='ocr_par' dir='ltr' id='par_1_4' title="bbox 55 2396 949 2896">
     <span class='ocr_line' id='line_1_33' title="bbox 55 2396 847 2462; baseline 0.003 -16"><span class='ocrx_word' id='word_1_278' title='bbox 55 2397 146 2450; x_wconf 84' lang='lat' dir='ltr'>iaciente</span> <span class='ocrx_word' id='word_1_279' title='bbox 157 2398 255 2450; x_wconf 89' lang='lat' dir='ltr'>collata:</span> <span class='ocrx_word' id='word_1_280' title='bbox 271 2399 331 2449; x_wconf 90' lang='lat' dir='ltr'>unde</span> <span class='ocrx_word' id='word_1_281' title='bbox 344 2402 439 2462; x_wconf 84' lang='lat' dir='ltr'>possum</span> <span class='ocrx_word' id='word_1_282' title='bbox 448 2398 482 2448; x_wconf 90' lang='lat' dir='ltr'>eis</span> <span class='ocrx_word' id='word_1_283' title='bbox 494 2398 586 2460; x_wconf 85' lang='lat' dir='ltr'>ualere,</span> <span class='ocrx_word' id='word_1_284' title='bbox 602 2399 639 2448; x_wconf 85' lang='lat' dir='ltr'>uel</span> <span class='ocrx_word' id='word_1_285' title='bbox 648 2398 677 2448; x_wconf 86' lang='lat' dir='ltr'>ad</span> <span class='ocrx_word' id='word_1_286' title='bbox 692 2396 847 2460; x_wconf 83' lang='lat' dir='ltr'>impletionem</span> 
     </span>
     <span class='ocr_line' id='line_1_34' title="bbox 56 2469 847 2534; baseline -0.001 -12"><span class='ocrx_word' id='word_1_287' title='bbox 56 2471 228 2533; x_wconf 83' lang='lat' dir='ltr'>satisfactionis,</span> <span class='ocrx_word' id='word_1_288' title='bbox 249 2471 286 2522; x_wconf 86' lang='lat' dir='ltr'>uel</span> <span class='ocrx_word' id='word_1_289' title='bbox 305 2472 331 2522; x_wconf 89' lang='lat' dir='ltr'>ad</span> <span class='ocrx_word' id='word_1_290' title='bbox 352 2469 437 2534; x_wconf 86' lang='lat' dir='ltr'>aliquid</span> <span class='ocrx_word' id='word_1_291' title='bbox 458 2471 588 2534; x_wconf 81' lang='lat' dir='ltr'>hujusmodi</span> <span class='ocrx_word' id='word_1_292' title='bbox 609 2472 668 2534; x_wconf 86' lang='lat' dir='ltr'>quod</span> <span class='ocrx_word' id='word_1_293' title='bbox 693 2472 777 2520; x_wconf 87' lang='lat' dir='ltr'>statum</span> <span class='ocrx_word' id='word_1_294' title='bbox 801 2483 847 2521; x_wconf 86' lang='lat' dir='ltr'>neu</span> 
     </span>
     <span class='ocr_line' id='line_1_35' title="bbox 56 2550 949 2604; baseline -0.001 -10"><span class='ocrx_word' id='word_1_295' title='bbox 56 2550 131 2596; x_wconf 83' lang='lat' dir='ltr'>mutat.</span> <span class='ocrx_word' id='word_1_296' title='bbox 948 2594 949 2604; x_wconf 20' lang='lat' dir='ltr'>p</span> 
     </span>
     <span class='ocr_line' id='line_1_36' title="bbox 84 2614 846 2682; baseline -0.001 -15"><span class='ocrx_word' id='word_1_297' title='bbox 84 2618 114 2668; x_wconf 85' lang='lat' dir='ltr'>td</span> <span class='ocrx_word' id='word_1_298' title='bbox 125 2617 222 2682; x_wconf 88' lang='lat' dir='ltr'>primum</span> <span class='ocrx_word' id='word_1_299' title='bbox 237 2628 290 2680; x_wconf 81' lang='lat' dir='ltr'>ergo</span> <span class='ocrx_word' id='word_1_300' title='bbox 306 2614 440 2677; x_wconf 85' lang='lat' dir='ltr'>dicendum,</span> <span class='ocrx_word' id='word_1_301' title='bbox 452 2615 513 2680; x_wconf 79' lang='lat' dir='ltr'>qoud</span> <span class='ocrx_word' id='word_1_302' title='bbox 528 2616 610 2667; x_wconf 87' lang='lat' dir='ltr'>messis</span> <span class='ocrx_word' id='word_1_303' title='bbox 627 2615 713 2666; x_wconf 82' lang='lat' dir='ltr'>illaesi</span> <span class='ocrx_word' id='word_1_304' title='bbox 732 2615 846 2679; x_wconf 87' lang='lat' dir='ltr'>perceptio</span> 
     </span>
     <span class='ocr_line' id='line_1_37' title="bbox 57 2684 845 2750; baseline -0.003 -13"><span class='ocrx_word' id='word_1_305' title='bbox 57 2687 215 2750; x_wconf 79' lang='lat' dir='ltr'>utaeeternae,</span> <span class='ocrx_word' id='word_1_306' title='bbox 229 2685 290 2737; x_wconf 90' lang='lat' dir='ltr'>sicut</span> <span class='ocrx_word' id='word_1_307' title='bbox 300 2686 395 2738; x_wconf 87' lang='lat' dir='ltr'>hebetur</span> <span class='ocrx_word' id='word_1_308' title='bbox 411 2688 493 2742; x_wconf 74' lang='lat' dir='ltr'>doum,</span> <span class='ocrx_word' id='word_1_309' title='bbox 508 2687 559 2736; x_wconf 87' lang='lat' dir='ltr'>lll:</span> <span class='ocrx_word' id='word_1_310' title='bbox 575 2703 589 2734; x_wconf 84' lang='lat' dir='ltr'>u</span> <span class='ocrx_word' id='word_1_311' title='bbox 604 2687 632 2737; x_wconf 85' lang='lat' dir='ltr'>Et</span> <span class='ocrx_word' id='word_1_312' title='bbox 643 2684 684 2750; x_wconf 87' lang='lat' dir='ltr'>qui</span> <span class='ocrx_word' id='word_1_313' title='bbox 696 2685 776 2748; x_wconf 88' lang='lat' dir='ltr'>metit,</span> <span class='ocrx_word' id='word_1_314' title='bbox 791 2699 845 2736; x_wconf 90' lang='lat' dir='ltr'>ceu-</span> 
     </span>
     <span class='ocr_line' id='line_1_38' title="bbox 57 2757 844 2824; baseline -0.003 -14"><span class='ocrx_word' id='word_1_315' title='bbox 57 2763 127 2824; x_wconf 71' lang='lat' dir='ltr'>grego</span> <span class='ocrx_word' id='word_1_316' title='bbox 140 2759 238 2808; x_wconf 82' lang='lat' dir='ltr'>fructum</span> <span class='ocrx_word' id='word_1_317' title='bbox 251 2758 278 2820; x_wconf 80' lang='lat' dir='ltr'>iu</span> <span class='ocrx_word' id='word_1_318' title='bbox 287 2757 356 2808; x_wconf 85' lang='lat' dir='ltr'>uitem</span> <span class='ocrx_word' id='word_1_319' title='bbox 372 2761 489 2810; x_wconf 80' lang='lat' dir='ltr'>aeternam.</span> <span class='ocrx_word' id='word_1_320' title='bbox 505 2773 519 2805; x_wconf 86' lang='lat' dir='ltr'>u</span> <span class='ocrx_word' id='word_1_321' title='bbox 535 2758 588 2809; x_wconf 87' lang='lat' dir='ltr'>Sors</span> <span class='ocrx_word' id='word_1_322' title='bbox 603 2761 678 2808; x_wconf 87' lang='lat' dir='ltr'>autem</span> <span class='ocrx_word' id='word_1_323' title='bbox 692 2757 744 2808; x_wconf 78' lang='lat' dir='ltr'>vite</span> <span class='ocrx_word' id='word_1_324' title='bbox 755 2760 844 2808; x_wconf 80' lang='lat' dir='ltr'>eternae</span> 
     </span>
     <span class='ocr_line' id='line_1_39' title="bbox 58 2827 845 2896; baseline -0.01 -13"><span class='ocrx_word' id='word_1_325' title='bbox 58 2843 98 2884; x_wconf 90' lang='lat' dir='ltr'>uou</span> <span class='ocrx_word' id='word_1_326' title='bbox 113 2832 178 2884; x_wconf 86' lang='lat' dir='ltr'>datur</span> <span class='ocrx_word' id='word_1_327' title='bbox 191 2830 271 2896; x_wconf 84' lang='lat' dir='ltr'>elicui,</span> <span class='ocrx_word' id='word_1_328' title='bbox 284 2830 330 2882; x_wconf 87' lang='lat' dir='ltr'>nisi</span> <span class='ocrx_word' id='word_1_329' title='bbox 340 2844 380 2894; x_wconf 89' lang='lat' dir='ltr'>pro</span> <span class='ocrx_word' id='word_1_330' title='bbox 396 2829 692 2896; x_wconf 80' lang='lat' dir='ltr'>propriisoperilrus3c1uie</span> <span class='ocrx_word' id='word_1_331' title='bbox 706 2829 750 2880; x_wconf 89' lang='lat' dir='ltr'>elsi</span> <span class='ocrx_word' id='word_1_332' title='bbox 763 2827 845 2891; x_wconf 82' lang='lat' dir='ltr'>aliquis</span> 
     </span>
    </p>
   </div>
   <div class='ocr_carea' id='block_1_5' title="bbox 0 0 978 3306">
    <p class='ocr_par' dir='ltr' id='par_1_5' title="bbox 0 0 978 3306">
     <span class='ocr_line' id='line_1_40' title="bbox 0 0 978 3306; baseline 0 0"><span class='ocrx_word' id='word_1_333' title='bbox 0 0 978 3306; x_wconf 95' lang='lat' dir='ltr'> </span> 
     </span>
    </p>
   </div>
  </div>
 </body>
</html>
