1936 3306
102 61 146 108 338
236 70 437 120 snrrrmumrmr,
453 71 547 116 quassu.
564 72 653 121 uxrrrr,
668 71 723 112 aar.
742 73 758 110 ι.

99 158 236 212 unoquoque
263 147 405 211 singulariter
424 147 512 198 fierent.
536 149 577 197 tt⁰
598 147 677 200 Utrinm
696 150 788 201 valeant
809 155 903 204 tantum

99 217 228 270 communia
240 219 347 282 suffragia
359 231 400 284 pro
414 218 495 282 quibus
513 219 621 283 specialia
637 233 683 270 non
697 221 771 286 fiunt,
784 227 898 286 quantum
951 227 952 242 ³

99 290 145 344 illis
159 290 291 356 proquibus
302 289 469 352 lustrabant
481 289 588 356 specialia
601 294 625 342 et
635 293 764 344 communia
777 293 856 346 simul.

401 467 562 522 unrrcuuus
576 449 595 519 1.'

131 597 216 644 Utrum
225 595 342 653 cuffropo'o
349 607 394 652 per
407 595 570 650 calumpnia,
585 594 641 641 alita
651 596 761 652 prodesse
772 599 874 654 possim.

130 725 164 776 bd
173 723 270 788 primum
284 721 317 774 sic
326 721 464 787 proceditur.
478 721 574 776 Videtur
583 721 643 786 qubd
652 722 764 787 sutfragia
776 735 902 788 perunum

98 798 168 859 laem,
182 795 232 846 aliis
246 795 352 860 prodesse
368 808 414 846 non
427 795 524 859 possint.
541 793 629 846 Dicitur
645 795 707 846 enin
727 795 825 853 Gotot„
847 799 900 850 Vl:

99 885 114 918 a
124 870 179 929 Quae
198 866 258 916 eninr
273 865 420 918 seminaverit
430 867 514 927 bomo,
528 867 580 917 bec
593 869 616 916 et
629 869 732 918 metet.»
747 866 794 918 Sed
805 869 827 919 si
840 884 901 924 unus

97 953 126 991 ex
143 939 256 1003 suffragiis
270 937 362 989 alterius
374 939 549 1002 consequeretur
561 937 673 1002 fructum,
686 943 784 990 meteret
797 940 827 991 ab
846 942 901 994 aliis

98 1011 216 1062 seminata.
237 1011 296 1074 Ergo
314 1023 343 1062 ex
359 1009 473 1074 suffragiis
490 1008 584 1060 aliorum
606 1009 683 1061 nullus
699 1011 799 1063 fructum
820 1025 901 1068 conso·

97 1093 182 1147 quitur.

128 1158 151 1204 2.
167 1154 280 1206 Praeterea
289 1190 298 1217 ,
318 1152 478 1218 adjustitiam
498 1152 538 1203 liei
551 1152 651 1216 pertinet
673 1157 700 1206 ut
718 1154 843 1220 unicuique
859 1160 901 1210 tri·

97 1225 178 1276 buatur
188 1239 230 1290 pro
244 1225 344 1288 meritis3
354 1225 415 1276 unde
426 1223 521 1276 Psolm.
534 1223 585 1274 Llll
596 1239 601 1273 ε
613 1241 627 1272 n
637 1225 671 1276 Tu
680 1225 762 1276 reddes
773 1227 901 1293 unicuique

94 1298 161 1360 juxta
177 1311 245 1362 opera
255 1311 304 1348 sua.
317 1314 331 1346 n
347 1297 392 1348 Sed
404 1295 519 1359 justitiam
532 1294 574 1346 bei
586 1296 683 1348 deiicere
697 1299 733 1348 est
744 1297 899 1362 impossibile.

95 1369 154 1432 Ergo
166 1367 306 1433 impossibile
319 1372 355 1420 est
368 1369 429 1433 qnbd
450 1381 511 1418 unus
523 1381 553 1418 ex
568 1367 675 1432 operibus
689 1367 781 1420 alienus
791 1369 899 1432 juvetur.

37 1442 38 1445 ’
128 1447 149 1491 3.
163 1443 285 1500 Praeterea,
298 1440 422 1492 secundbm
437 1439 540 1490 eamdem
556 1440 666 1491 rationem
682 1445 718 1492 est
733 1440 827 1504 aliquod
838 1455 900 1507 opus

95 1512 238 1563 meritorium·
250 1515 273 1562 ot
286 1510 414 1574 laudabile,
429 1509 483 1574 quia
498 1509 586 1560 scilicet
597 1508 622 1560 in
634 1514 746 1575 quantum
762 1514 798 1562 est
814 1512 900 1563 uolun-

95 1581 187 1633 tarium.
197 1582 243 1634 Sed
257 1594 363 1646 erupere
375 1579 499 1632 uniusnnu
514 1580 618 1632 laudatur
631 1581 697 1632 alter.
711 1582 771 1646 Ergo
785 1595 829 1633 nec
838 1595 900 1648 opus

94 1654 162 1704 unius
174 1656 311 1718 potestesse
325 1653 389 1704 alteri
402 1652 543 1704 meritorium
554 1656 577 1703 et
585 1653 736 1704 fructuosum.

127 1729 150 1778 t.
165 1726 293 1787 Preterea,
309 1727 336 1776 ad
351 1723 463 1788 iustitiam
482 1724 583 1775 diuinam
596 1724 695 1789 pertinet
714 1725 819 1778 similiter
833 1727 898 1780 bona

94 1799 187 1848 reddere
200 1810 242 1860 pro
252 1797 334 1860 bonis,
348 1799 371 1848 et
383 1797 443 1848 mala
455 1809 496 1861 pro
514 1795 587 1848 malis.
598 1797 641 1848 Sed
653 1797 729 1848 nullus
743 1799 839 1862 punitur
851 1814 897 1866 pro

94 1869 161 1919 malis
174 1867 281 1932 alterius;
298 1867 354 1926 imo,
368 1871 394 1918 ut
405 1867 487 1918 dicitur
500 1868 599 1926 Erech..
612 1868 702 1920 xvul:
721 1887 734 1917 n
746 1869 829 1921 Anima
843 1886 897 1936 quaa

93 1941 236 2006 peccaverit,
250 1941 301 2005 ipsa
315 1940 430 1992 morietur.
445 1957 459 1988 u
472 1941 531 2004 Ergo
544 1955 587 1992 nec
600 1955 660 1992 unus
671 1945 766 2008 juratur
780 1944 895 2006 perbona

93 2013 194 2064 alterius.

124 2085 167 2136 Sed
182 2087 258 2136 contra
275 2089 310 2136 est
319 2123 326 2146 ‚
336 2085 395 2148 quod
409 2082 491 2134 dicitur
505 2085 529 2135 in
539 2085 607 2138 Psot.
619 2085 726 2138 Clllllll:
747 2085 895 2152 «Particeps

92 2169 135 2221 ego
147 2171 197 2208 sum
214 2156 315 2208 omnium
331 2155 461 2206 timentium
478 2160 518 2219 tc,
531 2174 545 2205 n
561 2161 604 2208 etc.

124 2229 251 2292 Praeterea,
262 2241 341 2280 omncs
359 2228 437 2280 fideles
456 2243 499 2294 per
516 2229 650 2282 charitatem
665 2229 736 2292 uniti,
751 2233 805 2280 sunt
823 2232 894 2284 unius

93 2301 192 2364 corporis
205 2301 313 2352 Ecclesia
326 2301 435 2352 membra.
451 2302 496 2353 Sed
515 2303 586 2352 unum
600 2301 725 2352 membrum
742 2303 838 2365 juvatur
851 2317 894 2368 per

92 2371 195 2422 alterum.
211 2373 270 2436 Ergo
286 2377 309 2424 et
323 2387 381 2424 unus
390 2375 459 2425 bomo
472 2376 549 2439 potest
559 2386 589 2424 ea
599 2373 693 2426 alterius
703 2372 791 2424 maritis
802 2373 889 2437 juvari.

124 2444 284 2507 (Conclusio
294 2473 325 2484 -
335 2445 392 2496 Cium
403 2447 560 2510 unusquisque
573 2447 600 2497 ad
614 2447 730 2511 preamium
740 2445 891 2498 obtinendum
918 2485 922 2492 .

93 2527 121 2566 ex
132 2519 184 2565 actu
197 2529 241 2567 non
252 2517 340 2582 alieno,
351 2520 391 2568 sed
406 2532 448 2570 suo
458 2519 605 2583 disponatur,
614 2531 660 2568 non
670 2521 746 2582 potest
755 2518 890 2583 opnslunius

91 2586 156 2636 alteri
171 2588 278 2648 prodesse
287 2586 332 2652 'per
343 2589 404 2640 uiam
417 2589 508 2652 meriti,
524 2591 552 2640 ad
567 2593 651 2641 statum
665 2589 813 2642 beatitudiuis
827 2603 889 2642 corr-
951 2655 952 2660 Ἰ

92 2657 241 2719 sequendum,
255 2661 295 2709 sed
306 2673 347 2724 per
356 2659 417 2710 niam
431 2661 549 2711 orationis.
565 2661 574 2725 )
951 2679 952 2686 “

123 2727 256 2788 Respondeo
269 2729 387 2782 dicendum
397 2768 403 2789 ‚
414 2730 475 2796 qubd
488 2735 551 2783 actus
566 2734 643 2783 noster
656 2732 683 2784 ad
698 2733 742 2782 duo
756 2731 833 2782 valere
846 2745 887 2796 po
951 2697 952 2742 i

91 2801 153 2849 test:
167 2797 257 2862 primb,
272 2802 300 2853 ad
312 2804 411 2868 aliquem
426 2807 510 2856 statum
521 2804 692 2870 acquirendum,
706 2803 767 2858 sicut
778 2817 886 2870 peropus
