1948 3312
278 116 309 156 ue
323 113 414 156 rnnrcro
429 115 560 168 mnenon,
576 117 628 159 erc.
801 113 845 164 tif

41 186 219 240 ascendentem
230 187 253 238 ln
261 191 358 253 ectum,
368 191 399 242 itu
413 192 522 246 reniet»
535 192 579 246 Seri
588 194 638 259 ipre
650 196 753 248 attendit
766 197 845 249 innte-

40 256 99 308 lnm
112 257 143 308 de
158 260 234 309 moute
248 258 341 325 oliveti,
352 263 392 326 qni
403 263 535 326 precariae
547 263 600 316 rutil
609 263 729 330 insaniret.
747 265 843 330 Eunoni

42 327 115 378 circa
129 327 181 378 lucu
194 327 231 380 illu
242 329 270 380 ul
280 329 426 395 judicandum
437 333 514 384 reniet
522 333 566 398 (f).

82 398 286 460 (concinere-
297 401 359 452 Sicut
372 403 476 456 Christus
491 417 520 456 eu
532 408 608 458 moute
619 405 702 458 Olfreti
720 405 744 457 iu
760 407 842 458 celum

42 469 172 531 ascendit,
184 470 216 521 sic
225 475 249 522 et
261 471 319 524 circu
333 473 396 524 illum
406 474 479 528 locum
490 486 542 528 eum
557 475 716 528 descensurum
730 476 843 541 probabile

41 545 104 602 est,
120 544 148 590 ut
161 541 220 593 ilem
234 555 285 594 esne
300 545 431 596 ostendatur
440 545 480 610 qui
495 543 610 599 descendit
621 551 646 598 et
659 546 781 608 ascendit.)

78 613 223 676 Responden
239 613 371 681 dicendum,
386 615 446 684 qnod
459 615 554 680 quruliter
565 616 620 668 illul
632 617 743 682 judicium
763 617 794 670 eit
805 619 842 669 fu·

40 688 146 746 lurum,
162 687 186 735 el
206 687 316 748 quomedo
333 687 437 738 hominen
453 687 482 738 nd
500 687 611 751 junicum
625 688 777 751 convenient,
795 701 841 742 unu

41 759 131 820 potest
144 755 238 808 mutilum
250 769 291 822 per
303 758 460 810 certitudinem
472 758 540 818 eninr
557 761 634 810 tenen
643 757 788 820 probabiliter
799 771 841 824 pu·

40 830 96 876 test
111 825 189 888 colligi
200 839 228 877 ex
239 826 357 892 Scu'pturle
368 825 428 892 quid
441 827 501 880 circe
508 829 583 880 lucnrn
597 829 682 880 mnutie
693 828 775 882 oliveti
789 830 840 880 des·

39 895 150 959 cendet,
166 895 224 948 elcut
238 902 262 950 et
274 898 327 950 inte
344 899 459 966 recendit,
476 903 501 950 nt
514 899 574 950 idem
586 909 637 950 eme
655 900 786 950 ostendetur
802 900 841 964 qui

40 965 174 1018 descendit
184 971 207 1018 et
217 967 256 1032 rpui
269 968 376 1020 ascendit.
685 969 687 974 ’

77 1035 224 1098 ltprimum
237 1049 290 1101 erpo
303 1038 430 1098 dicendum,
441 1037 501 1101 cuti
511 1050 592 1102 megnu
608 1038 728 1090 multitudo
739 1040 840 1104 iuprrru

39 1105 127 1171 spatio
145 1107 304 1171 cumprehendi
318 1111 402 1173 petent.
416 1107 506 1158 Sufficit
524 1111 600 1159 cutem
617 1120 702 1171 ponere
720 1113 839 1172 quartum·

38 1189 150 1241 cumque
162 1178 259 1240 epatium
268 1178 326 1230 circu
333 1175 406 1232 locum
417 1176 480 1229 illurn
491 1177 519 1230 el
528 1175 663 1242 cupiendum
672 1178 840 1230 multitudinem

35 1245 358 1313 judicnudmnm,dnmnculu
368 1249 444 1301 altillo
455 1249 529 1312 spano
538 1248 651 1300 clurinum
658 1247 733 1300 uidere
741 1248 838 1312 possint,

38 1317 85 1382 qui
98 1318 126 1367 in
139 1329 191 1368 nere
204 1318 350 1382 preemluem
362 1319 492 1372 etmnximf
506 1319 606 1371 mantare
617 1318 748 1382 refulgens,
760 1319 774 1369 l
787 1320 837 1369 lurr-

39 1389 137 1454 girrquc
151 1387 233 1452 inspici
247 1393 331 1454 potest.
367 1419 370 1429 ·

74 1457 115 1509 Ad
136 1457 261 1509 seeundum
276 1460 408 1522 ilrendum,
425 1460 485 1524 quid
501 1457 604 1524 quamuis
618 1458 721 1509 christus
739 1471 780 1522 per
795 1459 839 1510 lucc

38 1527 112 1595 quiid
128 1527 245 1592 judicetur
261 1533 297 1582 eut
309 1529 407 1594 infusit,
418 1530 563 1595 judiciarium
575 1532 708 1594 potestaten
720 1531 837 1592 meruerit,

37 1613 92 1652 nnn
108 1602 187 1653 tamen
198 1599 310 1664 iudicabit
322 1600 346 1664 in
357 1602 427 1654 forma
441 1599 594 1662 infirmitatis,
609 1600 633 1650 iu
643 1611 687 1662 qun
701 1599 785 1663 injuste
800 1601 838 1663 jn-

38 1672 139 1722 dicntus
148 1673 199 1731 esf,
216 1671 254 1724 rei
271 1671 296 1722 in
306 1671 378 1724 formu
390 1671 501 1737 gloriosa,
517 1670 541 1720 lu
555 1681 601 1734 qun
613 1670 641 1720 ud
656 1670 744 1721 Putrem
756 1673 839 1722 uscer-

37 1743 87 1793 dit.
104 1739 171 1790 Unde
182 1740 392 1794 lorueueceneinnin
402 1741 475 1804 mepte
485 1739 594 1804 competit
603 1738 764 1802 iudicioqulm
774 1739 839 1792 locun

37 1812 82 1864 ubi
96 1811 263 1862 condemnatus
275 1816 319 1863 esf.
536 1821 539 1826 ·

73 1882 113 1933 Ad
129 1877 223 1932 tertium
238 1881 355 1934 dicendum
365 1919 372 1948 ,
382 1881 442 1947 quiri
455 1883 530 1934 nobee
539 1881 578 1934 lrlc
593 1881 836 1948 appellenturmtoni·

37 1953 98 2008 dum
109 1949 198 2014 dieunt)
207 1952 308 2015 quntum
317 1953 441 2005 densitates
448 1953 505 2006 lucis
514 1951 836 2018 rerpteurlemielrurporinm

38 2025 194 2082 rrrcmrnm,
208 2024 232 2073 et
245 2033 291 2073 uuu
304 2021 385 2087 ulique
394 2023 567 2088 eruperatiunee
577 2035 606 2074 ex
617 2025 676 2074 torre
688 2027 711 2073 et
720 2019 837 2084 enuntiet

39 2094 124 2160 petest
141 2089 186 2142 (lici
202 2089 262 2154 quir
283 2091 355 2144 nnbee
368 2091 412 2144 ille
425 2093 591 2157 generabuntur
605 2090 682 2143 ‹tirint
700 2089 794 2150 uirtute,
808 2085 838 2140 nt

38 2160 212 2215 ostendendum
221 2161 400 2214 conformitatem
410 2163 435 2214 in
449 2165 545 2216 niueum
558 2163 585 2212 ml
596 2161 707 2226 iudicium
720 2162 743 2210 et
759 2169 839 2209 nmen·

39 2234 150 2293 sionem,
161 2234 187 2280 ut
200 2231 240 2294 qui
250 2232 358 2284 'nemndit
371 2233 395 2282 lu
409 2233 483 2294 nube,
497 2231 646 2293 adjudicium
662 2229 747 2282 reniet.
761 2227 836 2278 linter

40 2304 117 2356 etium
134 2304 228 2365 propter
243 2301 397 2366 refrigerium,
413 2302 498 2353 indicet
517 2299 692 2352 mirericordiam
703 2295 836 2363 judicantis.

81 2449 118 2514 (f)
132 2450 196 2504 (tund
218 2456 243 2496 et
259 2451 346 2496 numini
362 2449 470 2496 hebreice
488 2449 627 2507 respondet,
647 2445 760 2506 significet
775 2447 837 2492 enirn

47 2513 167 2574 Jorrpnat
183 2513 245 2558 idem
263 2514 325 2570 quon
337 2512 466 2569 ,indictum
481 2513 595 2561 flumini.
608 2510 644 2556 uel
664 2511 782 2556 Βοιιιῑιιιιι
793 2510 837 2566 in·

45 2579 129 2634 dieat,
144 2581 170 2621 ut
183 2576 207 2621 in
216 2575 260 2622 tin.
274 2575 307 2622 nr
321 2575 419 2626 linurin.
431 2573 551 2624 tetrcicir
563 2573 726 2630 interpretetur
740 2571 810 2618 licitu.
