1946 3318
126 203 171 248 tas
258 213 456 262 sunnnnuurmuu,
476 213 570 256 numan.
586 213 676 261 uxrxrr,
692 213 749 250 nur.
768 213 791 250 u.

125 302 171 340 non
183 292 258 340 autem
272 291 375 351 resurget
387 291 461 338 toturn
475 287 617 338 considerata
631 288 743 339 totalitate
758 287 866 340 materie.
879 289 917 338 Se·

125 362 198 411 cunda
211 365 288 412 autem
306 359 384 424 opinio
401 363 425 410 et
438 359 511 423 prime
533 373 578 410 non
595 363 689 409 utuntur
706 359 750 410 hao
761 361 918 420 distinetione3

125 433 166 482 sed
180 433 322 495 distinguunt
335 430 395 479 inter
411 436 487 493 partes
498 469 504 490 ‚
517 444 612 494 quarum
627 434 722 493 utraque
741 432 809 482 habet
822 431 919 494 speciem

126 507 149 553 et
160 503 285 554 materiam.
298 502 444 554 Conveniunt
452 505 529 552 antem
540 503 575 552 ine
586 502 636 551 dne
645 502 766 565 opiniones
774 503 799 554 in
811 503 856 552 troo
864 501 919 564 qnod

125 580 220 636 utraque
233 571 366 636 dinit,qudd
379 573 433 624 titud
443 575 502 636 qnod
515 577 551 625 est
561 583 591 623 en
601 573 688 624 semine
702 578 836 636 generatum
850 575 919 622 totum

124 646 240 708 resurget,
249 643 316 694 etiam
330 645 440 694 totalitate
453 644 552 696 materie
562 644 717 708 oonsideratt3
729 645 839 695 differunt
847 649 919 695 auten

125 715 149 764 in
163 717 207 765 doe
220 716 279 779 qudd
294 716 321 766 de
339 729 366 766 eo
380 717 440 780 qnod
457 729 486 766 ex
499 715 608 769 alimento
625 721 759 778 generatur,
773 716 833 766 nihil
847 728 920 766 resur·

126 799 180 848 gere
195 787 259 850 ponit
276 788 348 850 prima
361 787 447 850 opinio.
459 788 565 838 Secunda
579 787 634 838 rerd
648 787 732 850 aiiqnid
745 788 796 853 ejus
809 798 921 850 resurgere

126 857 191 919 ponit
201 893 209 918 ‚
218 863 241 906 et
253 871 299 909 non
315 862 404 920 toturn,
414 862 440 907 ut
456 871 486 908 er
497 857 564 909 dietis
577 861 649 920 patet.

158 928 192 977 dd
207 929 301 991 primum
313 940 366 990 ergo
376 928 514 992 dicendum,
525 928 584 991 qnod
595 927 777 993 siont‘qnidqnid
791 933 829 980 est
842 929 868 978 in
878 926 923 978 dir

127 997 229 1062 partibas
242 999 345 1062 corporis
362 1005 464 1061 resurget
482 998 624 1052 considerata
638 999 748 1052 totalitate
767 1001 870 1064 speciei,
882 1011 921 1050 nou
965 991 966 1010 ¹

128 1073 203 1120 numm
216 1069 358 1121 considerata
369 1071 481 1122 totalitate
491 1071 591 1122 materie
597 1087 606 1134 3
615 1071 647 1122 ita
661 1071 728 1122 etiam
740 1076 777 1122 est
786 1073 816 1122 de
830 1071 921 1136 capillis.

127 1142 154 1190 In
173 1141 223 1194 aliis
236 1147 312 1194 eutem
326 1143 430 1206 partibus
447 1143 539 1194 aduenit
557 1143 641 1206 aliquid
655 1157 684 1193 eu
698 1143 853 1206 nutrimento,
870 1142 922 1205 qnod
965 1179 966 1200 ι

128 1212 183 1262 iecit
197 1219 341 1277 angmentum
352 1231 359 1278 3
374 1219 397 1264 et
406 1215 451 1264 hoe
462 1218 605 1278 computatur
616 1217 642 1275 ut
651 1214 696 1264 atie
707 1227 773 1280 pars,
784 1210 921 1264 considerat

129 1285 240 1336 totalitate
254 1287 352 1350 speciei,
368 1287 421 1348 puin
435 1287 522 1338 obtinet
537 1286 608 1338 elium
625 1287 700 1337 locam
715 1290 739 1336 et
751 1286 822 1336 situm
836 1286 863 1338 in
877 1297 922 1336 cor·

128 1369 182 1421 pore
196 1361 219 1408 et
235 1359 323 1408 substat
336 1357 386 1408 aliis
402 1357 505 1420 partibus
519 1356 684 1420 dimensionis3
697 1355 783 1420 aliquid
799 1361 881 1406 antem
893 1355 923 1404 ad·
965 1383 966 1390 ι

128 1430 193 1480 venit
205 1431 264 1494 qudd
279 1443 325 1481 non
336 1431 390 1480 iacit
403 1434 563 1494 unguentum,
577 1431 617 1480 sed
631 1429 691 1480 cedit
701 1429 725 1479 in
741 1429 922 1480 restaurationem
965 1469 966 1498 p

125 1503 237 1566 deperditi
259 1501 394 1564 nutriend03
409 1506 431 1552 et
448 1515 493 1553 non
515 1504 659 1565 computatur
678 1501 764 1551 utalia
785 1513 842 1564 pars
862 1499 924 1550 totins
964 1526 965 1533 ι

129 1573 267 1624 considerati
279 1572 403 1623 seeundum
414 1574 515 1636 speeiem
522 1608 530 1634 ‚
538 1573 589 1622 edm
602 1585 648 1623 non
661 1569 762 1622 obtineat
771 1571 844 1623 alium
856 1572 923 1621 ionum
964 1564 965 1581 ¹

129 1644 166 1694 vel
181 1644 248 1694 sitnm
263 1644 288 1693 in
301 1657 408 1708 corpore,
417 1643 486 1707 quarn
499 1657 552 1708 pars
562 1657 613 1706 one
624 1641 718 1694 denunt
731 1643 842 1704 tenebat,
853 1654 923 1707 qnare

128 1715 163 1764 ris
182 1715 254 1779 possit
268 1715 312 1766 alia
325 1729 379 1780 pars
392 1715 520 1778 computari
535 1714 677 1766 considerati
693 1715 805 1766 totalitate
820 1713 923 1765 metente

129 1786 158 1835 Et
172 1786 274 1836 similiter
290 1791 325 1836 est
339 1787 367 1838 de
386 1785 483 1850 capitiis.
494 1787 635 1850 Augustinus
649 1786 705 1838 uerd
715 1785 815 1850 loquitur
831 1787 861 1836 de
875 1783 923 1834 inei-

129 1857 232 1908 sionibus
250 1857 382 1920 capiliorum
395 1859 436 1921 oui
453 1861 518 1908 erant
538 1859 615 1921 portes
631 1857 741 1909 iacientes
757 1862 922 1918 angmentum:

129 1929 152 1976 et
167 1926 218 1977 ideo
238 1932 328 1990 oportet
340 1928 401 1994 quod
413 1933 545 1992 resurgant,
560 1941 606 1979 non
620 1931 696 1981 nmen
710 1927 735 1978 iu
751 1928 884 1992 quantitate
894 1937 924 1974 aa

129 1996 251 2060 pillosum,
270 2011 299 2051 ne
313 1999 343 2048 sit
356 2000 470 2060 quantitas
482 2000 645 2062 immoderata3
657 2000 696 2050 sed
710 2000 735 2050 in
751 1997 802 2048 aliis
816 1998 923 2062 partitus.

129 2072 155 2118 ut
173 2069 325 2119 necessarium
345 2068 457 2131 judicabit
476 2071 553 2124 diuina
568 2071 717 2134 prouidentia.
732 2071 774 2120 Vei
792 2071 893 2134 loquitur
905 2069 924 2117 in

130 2152 184 2188 ceso
198 2139 237 2190 illo
251 2140 340 2200 qnando
355 2138 404 2190 aliis
418 2141 521 2204 partibus
538 2142 642 2205 deiciet3
657 2145 713 2192 tune
725 2141 787 2192 enim
800 2153 881 2192 earnm
894 2140 925 2188 de

130 2207 205 2259 iectus
219 2209 303 2273 poterit
314 2223 343 2260 ex
356 2212 550 2274 superfluitatibus
565 2213 699 2276 capillorum
713 2211 823 2276 reparari.

161 2281 196 2330 Ad
215 2281 339 2332 secundum
353 2281 490 2345 dicendum,
505 2285 565 2347 qnod
585 2283 711 2334 secundnm
727 2282 818 2333 tertiani
835 2281 922 2348 opinio-
959 2330 961 2339 ,Ἴ

131 2363 184 2400 nem
205 2352 290 2402 eadem
311 2357 364 2402 sunt
378 2358 453 2416 paries
471 2355 606 2404 secundom
618 2355 734 2418 'speciem
751 2356 776 2403 et
788 2353 922 2404 reundum

131 2423 269 2471 materiam
287 2438 293 2472 ε
310 2435 356 2476 non
374 2424 434 2473 enim
454 2423 493 2474 itit
511 2425 656 2476 distinetione
674 2423 745 2476 utitur
756 2423 921 2489 Philosophus,

129 2491 154 2542 in
168 2494 177 2541 i
194 2495 228 2542 De
242 2496 416 2557 generatione,
431 2495 459 2544 ad
473 2495 658 2558 distinguendum
673 2495 774 2546 diuersas
785 2491 922 2558 parter‚sed

130 2563 157 2612 ad
177 2565 340 2615 ostendendum
357 2565 417 2629 quod
435 2566 520 2618 eaedem
535 2571 612 2630 portes
628 2569 725 2630 possunt
741 2565 882 2618 considerari
902 2565 921 2612 et

56 2656 64 2678 ι
129 2633 271 2684 secundom
280 2639 395 2701 speciem,
407 2641 515 2699 qnantum
526 2639 555 2686 ad
568 2637 623 2688 iliud
637 2638 698 2700 quod
707 2641 743 2688 est
751 2635 831 2688 forme
844 2640 867 2686 et
876 2645 920 2698 spe

130 2703 175 2754 oiei
190 2704 216 2754 in
231 2705 289 2768 ipsis
295 2723 304 2771 ;
316 2713 339 2758 et
359 2705 496 2758 mondum
520 2711 678 2766 neoterium,
692 2711 801 2770 qnantum
825 2707 853 2757 ad
872 2701 920 2756 iliud

130 2777 190 2838 quod
210 2779 288 2828 subest
303 2781 382 2829 torma
403 2785 426 2828 et
442 2779 536 2842 speciei.
550 2780 645 2830 Constat
657 2784 733 2830 autom
755 2779 816 2841 prrdd
834 2776 919 2828 mutem
965 2835 966 2842 ἵ

131 2848 206 2897 carnis
216 2861 262 2899 non
275 2850 344 2900 nabet
357 2851 460 2900 ordinem
472 2851 500 2900 ad
510 2850 609 2900 animam
620 2850 752 2900 rationalem
765 2849 808 2899 nisi
820 2850 843 2899 in
856 2859 921 2912 poen·

132 2919 180 2966 trum
201 2923 236 2970 est
252 2920 294 2970 sun
307 2920 347 2970 tali
367 2919 456 2982 torma,
472 2924 495 2970 et
508 2919 559 2970 ideo
575 2920 665 2972 ratione
680 2920 732 2983 ejus
745 2920 814 2972 tradet
827 2920 921 2970 ordinem
