1980 3320
308 179 340 218 ΙΙ
356 179 513 220 bimum
530 179 683 222 lttnntunttlt.
872 176 901 222 ’Β

90 253 207 318 prolis,et
218 256 322 304 mutuum
333 254 398 306 hdele
412 255 558 319 obsecutam,
568 257 668 308 maximi,
680 261 760 310 nalum
772 257 896 324 inclinat.)

119 325 257 388 Remondeo
272 325 414 389 dimudum,
428 326 491 390 quod
503 327 589 390 aliquid
610 329 695 380 dicitnr
708 343 760 382 esse
778 333 900 384 naturale

92 396 213 460 dupliciter
228 411 235 445 ι
248 409 296 448 uno
309 397 391 460 modo,
406 397 464 450 sicut
477 411 506 448 ex
519 398 641 462 principiis
655 403 753 460 natura,
767 413 796 450 en
810 413 897 452 necm-

92 467 157 518 sinte
171 479 310 528 cansarum,
325 471 350 518 ut
362 470 451 520 moreni
470 483 561 521 sursum
574 474 611 522 est
623 471 727 522 naturale
749 471 796 534 igni
806 487 814 534 ;
826 475 850 522 ct
862 473 898 524 sic

91 537 261 589 nahimoninm
277 551 324 590 nou
341 542 377 590 cst
390 541 506 600 naturale,
521 555 564 592 nec
584 541 670 606 aliquid
683 555 761 593 eornm
778 556 828 605 qne
847 557 898 595 me·

90 609 165 660 dante
177 610 217 659 rel
232 615 340 660 movente
350 609 423 662 libero
436 610 528 662 arbitrio
538 613 688 675 complentur.
705 614 755 664 llio
776 615 843 664 modo
857 615 896 665 di-

90 681 148 730 citur
163 680 286 730 naturale
300 681 329 730 ad
345 683 406 744 quod
418 685 499 732 natura
516 681 627 746 inclinat,
640 683 680 734 sed
695 685 809 734 mediante
823 685 897 736 libero

89 751 181 803 arbitrio
196 752 340 815 completum
351 753 414 803 sicul
428 756 493 803 actus
506 754 635 815 virtutum,
652 753 690 804 nel
704 754 801 804 uirtutes
816 755 900 809 dicun-

90 827 125 873 tm
142 823 380 884 nntnrclcs5etboc
398 825 466 876 modo
481 825 650 876 matrimonium
664 827 828 889 cathesturne,
843 828 897 890 guda

88 895 145 946 ratio
156 895 271 946 naturalis
280 895 395 958 adipsum
408 894 504 944 inclinat
517 896 654 960 dupliciter:
668 896 774 957 Primo,
785 896 897 960 quanlirm

89 967 118 1016 ad
134 966 288 1031 principalem
305 967 356 1028 eius
369 966 456 1027 duem,
470 965 511 1029 qni
524 971 559 1018 est
574 968 659 1018 bonum
677 969 756 1032 prolis.
770 969 820 1018 Non
833 969 899 1020 enim

87 1036 188 1088 intendit
200 1041 283 1088 natura
297 1037 371 1086 solim
382 1038 554 1100 generationem
564 1038 652 1102 prolis,
667 1040 706 1089 sed
723 1040 792 1090 etiam
806 1041 895 1090 traduc·

89 1108 176 1162 tionem
195 1110 220 1158 et
236 1107 403 1170 promotionem
416 1121 487 1171 nsque
500 1108 528 1158 ad
542 1109 670 1172 perlectum
682 1113 767 1162 statum
781 1109 895 1170 hominis,

88 1177 112 1228 in
127 1181 243 1242 mantum
257 1178 325 1228 homo
336 1180 386 1240 est,
401 1177 442 1241 qni
460 1182 495 1229 est
510 1179 602 1230 virtutis
620 1183 703 1230 status.
717 1179 796 1244 Unde,
811 1191 896 1230 secun·

92 1249 146 1300 dhan
160 1249 327 1312 Philosophum
341 1249 456 1312 (Elinia,
467 1249 533 1311 vill,
547 1253 576 1300 ta
588 1251 615 1314 l,
630 1251 673 1300 trin
683 1249 696 1300 a
706 1249 838 1319 parcndbus
850 1250 901 1298 ha·

89 1321 171 1371 bcnrus
182 1320 295 1383 :scilicet3
303 1335 362 1380 csse,
372 1321 534 1372 nutrimentum
544 1325 567 1372 et
575 1322 728 1386 disciplinam.
735 1321 810 1372 Filius
819 1325 896 1374 annm

88 1391 209 1456 tpareutc
221 1392 313 1442 educari
331 1396 354 1442 et
365 1391 449 1444 instrui
462 1405 508 1444 uon
525 1396 620 1456 posset,
639 1392 685 1444 nisi
701 1391 862 1446 determinatos
873 1387 897 1442 'el

89 1466 162 1513 certos
174 1465 283 1526 parentes
292 1463 401 1526 haberet,
411 1463 472 1526 qnod
486 1477 532 1514 non
543 1467 614 1526 esset,
624 1463 668 1512 nisi
679 1467 739 1514 esset
751 1462 826 1526 aliqua
837 1463 898 1516 obli·

89 1534 150 1596 galia
164 1533 212 1582 uiri
221 1533 251 1583 ad
264 1533 382 1585 mulierem
394 1534 575 1593 determinatam,
588 1547 639 1597 qun
650 1533 820 1584 matrimonium
831 1533 899 1584 iant.

90 1604 216 1664 Secundo,
230 1604 339 1666 quantiam
351 1605 379 1654 ad
394 1606 552 1656 secundarium
570 1605 638 1658 linem
649 1604 797 1667 matrimonii,
811 1605 896 1668 quiesi

91 1681 195 1728 mutuum
207 1675 342 1738 obsequium
354 1676 397 1726 sibi
411 1676 425 1726 t
437 1677 590 1740 conjungibus
602 1677 625 1726 in
633 1676 703 1726 rebus
714 1675 844 1726 domesticis
853 1675 902 1726 im*

88 1760 198 1811 pensum.
216 1746 283 1796 Sicut
300 1747 362 1797 enim
382 1747 490 1797 naturalis
509 1747 568 1799 ratio
582 1747 654 1799 dictat
669 1748 695 1796 ul
709 1744 813 1799 homines
828 1745 897 1796 simul

88 1817 233 1878 cohabitent,
247 1815 301 1880 quia
315 1831 375 1867 nnus
386 1831 433 1868 non
443 1817 528 1868 suidcit
540 1817 583 1868 sibi
597 1817 622 1866 in
636 1815 806 1879 omnibusque
822 1817 850 1867 ad
861 1816 900 1880 ip·

90 1901 138 1938 snm
152 1889 227 1938 uitam
246 1888 379 1952 pertinent,
393 1889 480 1939 radone
499 1888 566 1950 cnjus
586 1887 667 1937 dicitur
680 1888 749 1938 homo
764 1887 898 1939 naturaliter

90 1959 243 2024 spoliticns3
253 1973 268 2004 n
280 1958 312 2008 ita
331 1959 399 2011 etiarn
419 1971 497 2010 eornm
511 1958 594 2022 quibus
604 1957 717 2020 indigetur
731 1958 759 2006 ad
773 1959 897 2008 humanam

88 2029 174 2092 uitam,
182 2029 287 2092 quadam
297 2042 365 2093 opera
381 2033 434 2080 sunl
449 2027 600 2092 competentia
612 2027 681 2088 viris,
693 2029 797 2092 quadam
812 2027 898 2078 mulie-

88 2101 162 2155 rinus
177 2101 244 2152 Unde
265 2104 347 2150 natmn
364 2103 441 2150 moret
459 2098 528 2150 nisit
546 2098 651 2162 quadam
672 2099 716 2148 riri
736 2099 765 2148 ad
779 2099 896 2148 mulierem

87 2171 226 2232 associatio,
238 2171 262 2220 in
275 2183 320 2234 qna
333 2175 369 2220 est
380 2169 559 2220 matrimonium.
574 2170 603 2219 Et
612 2171 654 2220 has
668 2170 725 2221 duas
738 2183 819 2220 causas
829 2170 899 2233 ponit

88 2241 266 2324 Philosophus
260 2254 285 2290 m
296 2242 355 2298 lllll
369 2241 456 2292 natac
477 2241 510 2305 (ul
521 2240 609 2305 snprl).

118 2314 266 2378 ltprimum
280 2325 333 2376 ergo
347 2313 468 2363 dicendum
476 2311 553 2392 ,quod
564 2316 644 2362 natura
658 2311 757 2364 hominis
773 2312 800 2362 ad
810 2311 900 2374 aliquid

86 2385 187 2435 inclinat
195 2383 334 2446 dupliciter
346 2396 392 2433 nno
404 2384 479 2448 modo,
495 2382 548 2448 quia
559 2387 594 2434 est
607 2382 745 2441 conveniens
757 2386 845 2434 tanturn
857 2395 897 2448 ge·
899 2412 901 2416 -

87 2456 164 2516 ιιειιε,
178 2459 202 2505 et
224 2455 269 2504 hoc
283 2457 319 2505 est
332 2467 452 2504 commune
470 2453 575 2504 omnihus
593 2454 738 2504 animalibus.
749 2453 798 2504 nlio
819 2453 895 2514 modo,

87 2528 143 2590 qnia
162 2529 198 2576 est
217 2525 356 2576 conveniens
371 2528 457 2592 naturae
470 2523 606 2574 differentiae
627 2536 673 2587 qna
690 2524 779 2588 species
796 2524 896 2572 humana

87 2597 219 2648 abundatia
232 2608 316 2660 genere
334 2584 485 2659 inquantum
506 2599 542 2644 cst
562 2593 692 2657 rationalis3
706 2593 764 2644 sicut
782 2597 816 2644 est
831 2595 896 2642 actus

86 2669 230 2733 prudentias,
243 2667 280 2717 vel
290 2667 456 2732 temperantias.
466 2667 495 2716 lit
508 2666 568 2716 sicut
578 2669 659 2715 natura
675 2665 774 2728 generis,
791 2662 899 2726 quamvis

85 2740 117 2790 sit
134 2753 183 2790 nna
196 2737 222 2788 in
231 2738 336 2789 omnibns
352 2738 495 2796 animalibus,
505 2750 552 2788 non
562 2740 639 2786 tamen
649 2736 730 2785 endem
742 2735 809 2784 modo
820 2730 875 2782 est
868 2745 894 2780 m

90 2809 342 2874 anchonitanum
362 2823 408 2860 non
429 2809 526 2860 inclinat
544 2806 625 2857 eodem
641 2803 751 2856 modain
773 2801 899 2860 omnibus,

90 2884 131 2936 sed
154 2881 284 2936 mcnndirrn
305 2881 368 2962 qnod
385 2879 509 2944 unicnique
531 2875 648 2964 competit.
673 2875 706 2925 dd
726 2869 896 2940 matrimonium
