1970 3326
162 206 193 244 ns
209 205 332 246 consnnsu
349 204 443 244 cotum
457 206 486 244 ur
502 206 687 248 conorrmunro.
796 202 825 250 55

33 295 84 344 nno,
94 281 189 348 impedit
198 281 274 346 ipsum
287 282 312 332 in
323 282 411 343 attero,
425 281 480 345 quia
492 296 538 334 non
551 288 628 348 potest
641 297 692 336 esse
706 285 768 349 quoi
784 286 825 338 ali·

12 355 13 372 ¹
34 355 114 417 puissit
123 354 161 404 vir
172 366 219 404 uon
232 355 326 416 uxoris,
338 355 378 404 uei
391 353 452 417 quot
470 355 544 419 aliqua
555 357 585 406 sit
599 370 656 406 uror
675 370 723 408 non
740 359 828 410 habens

33 427 111 488 uirum,
131 425 192 476 sicut
215 437 258 476 nce
274 429 347 476 mater
366 437 412 475 non
432 425 517 476 habens
530 427 610 477 tilium.
627 429 656 477 iit
669 428 720 480 ideo
746 427 827 480 dicitur

33 497 176 548 communiter
187 496 249 560 quod
264 497 461 548 «matrimonium
474 511 520 548 aon
532 499 650 550 claudicat.
664 515 677 547 n

57 570 87 618 td
99 572 200 634 primurn
220 581 274 632 ergo
286 567 423 632 dicendum,
440 568 515 633 quid,
529 570 634 632 quamuis
648 574 714 622 aetius
728 573 827 622 amantis

30 643 94 704 possit
111 640 212 691 transire
226 639 249 690 in
270 653 317 690 non
335 643 464 702 amantem,
482 645 557 692 tamen
574 642 628 692 unio
645 641 704 692 iutsr
719 655 758 693 cos
779 644 826 693 n'on

30 717 179 775 potestesse,
195 710 241 762 nisi
254 711 285 762 sit
296 715 376 764 mutua
392 711 483 763 amatio.
492 713 521 762 Et
533 713 584 764 ideo
597 713 652 763 dicit
672 713 823 776 Philosophus

32 786 52 834 in
60 787 114 834 Viti.
129 785 218 834 Ettric.
233 785 302 847 (cap.
319 784 348 844 i)
358 821 365 844 ‚
377 783 437 848 quid
449 801 463 834 u
475 785 504 836 ad
520 784 642 834 amicitiam
654 786 719 849 (qus
733 785 757 836 in
769 799 825 850 qna-

30 856 176 908 nrm-unone
192 854 309 916 consistit)
324 854 447 919 requiritur
461 856 616 908 redamatio.»

54 930 85 979 td
96 927 225 980 secundum
238 927 378 990 dicendum,
393 927 453 990 quot
467 941 496 978 ea
505 941 618 980 consensu
629 927 699 980 libero
712 927 771 978 iiiins
785 929 824 990 qui

30 999 93 1062 primo
106 1002 202 1050 coaetus
211 1002 260 1062 cst,
273 1011 321 1049 non
330 999 357 1048 tit
364 997 549 1062 matrimonium,
561 1000 606 1050 nisi
614 999 638 1049 in
650 1004 759 1064 quantum
771 1012 826 1050 con·

30 1084 102 1122 sensus
114 1071 249 1136 praecedens
264 1069 290 1120 in
304 1071 376 1120 altero
389 1071 463 1123 adhuc
473 1073 551 1122 manet
564 1069 588 1121 in
597 1084 638 1122 sno
648 1072 735 1135 rigore.
752 1071 825 1133 Unde,

33 1141 48 1189 si
56 1141 191 1204 dissentiret,
204 1154 253 1191 nou
269 1140 336 1192 tieret
354 1137 531 1192 matrimonium.

323 1317 484 1372 nonnosus
500 1321 528 1372 V.

56 1448 137 1496 Uirium
149 1459 196 1506 per
204 1457 349 1493 commortuum
358 1443 546 1490 conditionatum
554 1447 598 1503 tint
607 1447 799 1493 matrimonium.

58 1578 86 1627 tri
104 1576 215 1642 quintum
228 1573 263 1624 sic
275 1571 407 1636 proceditur
417 1571 460 1636 (1).
476 1572 571 1623 Videtur
584 1571 645 1636 quid
660 1585 702 1622 nec
715 1586 755 1636 pcr
772 1587 828 1624 con·

32 1662 113 1699 sensnm
132 1645 321 1698 conditionatum
334 1643 374 1692 nat
387 1643 562 1695 matrimonium.
577 1644 633 1702 Quia
649 1645 710 1708 quod
724 1645 766 1694 suit
776 1659 829 1695 con·

33 1720 107 1771 titione
126 1717 243 1784 ponitur,
260 1727 306 1764 non
319 1713 450 1778 simpliciter
462 1714 601 1766 enuntiatur.
615 1715 659 1764 Sed
674 1715 698 1764 in
714 1715 830 1766 matrimo-

32 1789 63 1840 nio
71 1792 161 1854 oporiet
171 1800 225 1838 esse
238 1786 309 1836 uerba
320 1783 451 1848 simpliciter
458 1784 610 1850 exprimentia
618 1797 761 1835 consensum.
773 1787 831 1849 Ergo

33 1863 125 1913 conditio
141 1859 246 1924 aiicujus
260 1856 387 1908 consensis
400 1870 447 1908 non
463 1857 519 1907 tacit
529 1855 706 1908 matrimonium.

61 1939 82 1982 2.
100 1935 236 1992 Praeterea,
256 1927 425 1978 matrimonium
448 1929 514 1980 dehet
537 1941 588 1979 esse
611 1932 706 1978 certum.
723 1929 768 1980 Sei
790 1930 830 1980 ubi

34 2006 107 2056 dicitur
121 2003 214 2067 aliquid
228 2001 272 2052 sub
288 1999 432 2062 conditione,
445 2001 536 2064 ponitur
550 2000 604 2050 illuri
617 2000 660 2049 sub
676 2001 756 2052 dubio.
772 2003 830 2064 Ergo

33 2077 78 2126 mir
92 2085 225 2127 consensus
239 2083 286 2122 nou
301 2070 355 2120 tacit
368 2069 546 2121 matrimonium.

60 2147 101 2198 Set
112 2149 196 2198 contra
203 2143 245 2206 ‚in
259 2140 311 2192 aliis
321 2141 470 2192 contractibus
481 2141 507 2191 nt
521 2139 626 2204 obligatio
640 2142 681 2192 sub
689 2142 831 2204 conditione,

34 2223 54 2268 ct
70 2222 129 2282 stat,
141 2219 221 2268 stante
240 2211 382 2264 conditione.
399 2212 471 2276 Ergo,
484 2212 536 2264 cirm
549 2211 718 2266 matrimonium
731 2212 761 2262 sit
775 2225 831 2262 con-

35 2295 113 2343 tractas
129 2285 339 2354 quictam‚uitetur
353 2283 414 2348 quid
431 2284 504 2348 possit
525 2283 575 2335 iiori
594 2297 635 2347 per
653 2282 832 2334 conditionatum

35 2375 177 2414 consensum.

36 2433 41 2441 '
63 2435 229 2497 (tmcnusro.
246 2455 276 2468 -
291 2429 423 2480 consensus
436 2441 465 2480 ex
480 2425 609 2479 conditione
626 2427 653 2476 de
666 2425 773 2489 prasenti
786 2439 832 2478 nou

35 2505 141 2556 contraria
155 2501 320 2564 matrimonio,
336 2499 372 2550 rei
385 2500 413 2550 de
427 2499 503 2550 tuturo
522 2497 703 2560 commessuris,
716 2496 835 2548 matrimo-

38 2579 94 2628 nium
107 2575 204 2637 ettioit.)

61 2649 200 2714 Respondeo
223 2644 359 2707 dicendum,
377 2643 436 2707 quon
453 2641 552 2694 conditio
574 2641 680 2706 appositu
702 2640 835 2692 antestite

37 2721 155 2785 presenti,
168 2721 209 2768 ant
225 2718 254 2768 de
266 2717 351 2768 tuturo.
364 2715 389 2765 Si
403 2715 431 2766 de
444 2713 564 2779 prasenti,
576 2715 599 2765 et
614 2727 660 2764 non
678 2716 713 2764 est
723 2712 836 2764 contraria

36 2793 186 2856 matrimonio,
196 2789 247 2842 sir'a
260 2788 291 2839 sit
303 2790 413 2850 honesta,
429 2787 478 2837 siro
497 2787 635 2848 inhonesta,
654 2788 700 2836 stat
718 2786 836 2836 matrimo-

69 2937 100 3000 (Ι)
114 2943 151 2988 Ex
165 2939 210 2998 tv,
226 2937 304 2988 Seni..
317 2936 370 2984 dist.
381 2934 421 2996 29,
436 2940 477 2992 qo.
488 2933 512 2994 t,
527 2936 571 2983 ert.
591 2931 616 2991 8,
628 2931 765 2988 quaestione.
778 2927 803 2974 3.
