<?xml version="1.0" encoding="UTF-8"?>
<!DOCTYPE html PUBLIC "-//W3C//DTD XHTML 1.0 Transitional//EN"
    "http://www.w3.org/TR/xhtml1/DTD/xhtml1-transitional.dtd">
<html xmlns="http://www.w3.org/1999/xhtml" xml:lang="en" lang="en">
 <head>
  <title>
</title>
<meta http-equiv="Content-Type" content="text/html;charset=utf-8" />
  <meta name='ocr-system' content='tesseract 3.04.00' />
  <meta name='ocr-capabilities' content='ocr_page ocr_carea ocr_par ocr_line ocrx_word'/>
</head>
<body>
  <div class='ocr_page' id='page_1' title='image "./summatheologica06nicogoog_0380.png"; bbox 0 0 1922 3332; ppageno 0'>
   <div class='ocr_carea' id='block_1_1' title="bbox 116 127 772 206">
    <p class='ocr_par' dir='ltr' id='par_1_1' title="bbox 116 127 772 206">
     <span class='ocr_line' id='line_1_1' title="bbox 116 127 772 206; baseline 0 -14"><span class='ocrx_word' id='word_1_1' title='bbox 116 145 162 193; x_wconf 79' lang='lat' dir='ltr'>eto</span> <span class='ocrx_word' id='word_1_2' title='bbox 257 131 459 206; x_wconf 59' lang='lat' dir='ltr'>summouendum,</span> <span class='ocrx_word' id='word_1_3' title='bbox 475 129 569 200; x_wconf 53' lang='lat' dir='ltr'>ouirs‘r.</span> <span class='ocrx_word' id='word_1_4' title='bbox 587 128 653 206; x_wconf 56' lang='lat' dir='ltr'>exul,</span> <span class='ocrx_word' id='word_1_5' title='bbox 670 127 726 194; x_wconf 67' lang='lat' dir='ltr'>siud.</span> <span class='ocrx_word' id='word_1_6' title='bbox 743 157 772 192; x_wconf 91' lang='lat' dir='ltr'>u.</span> 
     </span>
    </p>
   </div>
   <div class='ocr_carea' id='block_1_2' title="bbox 49 217 915 588">
    <p class='ocr_par' dir='ltr' id='par_1_2' title="bbox 114 217 914 362">
     <span class='ocr_line' id='line_1_2' title="bbox 114 217 914 300; baseline 0.001 -16"><span class='ocrx_word' id='word_1_7' title='bbox 114 224 266 284; x_wconf 77' lang='lat' dir='ltr'><em>mediatores</em></span> <span class='ocrx_word' id='word_1_8' title='bbox 282 235 349 286; x_wconf 82' lang='lat' dir='ltr'>inter</span> <span class='ocrx_word' id='word_1_9' title='bbox 364 247 407 284; x_wconf 76' lang='lat' dir='ltr'>reos</span> <span class='ocrx_word' id='word_1_10' title='bbox 424 235 449 284; x_wconf 81' lang='lat' dir='ltr'>et</span> <span class='ocrx_word' id='word_1_11' title='bbox 463 233 557 290; x_wconf 83' lang='lat' dir='ltr'>Deum,</span> <span class='ocrx_word' id='word_1_12' title='bbox 574 235 601 283; x_wconf 87' lang='lat' dir='ltr'>ut</span> <span class='ocrx_word' id='word_1_13' title='bbox 615 231 660 298; x_wconf 90' lang='lat' dir='ltr'>ipsi</span> <span class='ocrx_word' id='word_1_14' title='bbox 680 221 721 297; x_wconf 80' lang='lat' dir='ltr'>p&#39;r&#39;o</span> <span class='ocrx_word' id='word_1_15' title='bbox 734 225 802 282; x_wconf 82' lang='lat' dir='ltr'>nobis</span> <span class='ocrx_word' id='word_1_16' title='bbox 815 217 914 300; x_wconf 57' lang='lat' dir='ltr'>iitl‘er&#39;te-</span> 
     </span>
     <span class='ocr_line' id='line_1_3' title="bbox 114 306 808 362; baseline 0.009 -6"><span class='ocrx_word' id='word_1_17' title='bbox 114 306 177 357; x_wconf 82' lang='lat' dir='ltr'>drnt.</span> <span class='ocrx_word' id='word_1_18' title='bbox 802 356 808 362; x_wconf 92' lang='lat'><em>.</em></span> 
     </span>
    </p>

    <p class='ocr_par' dir='ltr' id='par_1_3' title="bbox 145 363 915 451">
     <span class='ocr_line' id='line_1_4' title="bbox 145 363 915 451; baseline 0 -23"><span class='ocrx_word' id='word_1_19' title='bbox 145 383 168 428; x_wconf 75' lang='lat' dir='ltr'>n.</span> <span class='ocrx_word' id='word_1_20' title='bbox 184 379 314 438; x_wconf 57' lang='lat' dir='ltr'>meteres,</span> <span class='ocrx_word' id='word_1_21' title='bbox 329 377 350 428; x_wconf 89' lang='lat' dir='ltr'>si</span> <span class='ocrx_word' id='word_1_22' title='bbox 359 389 398 428; x_wconf 92' lang='lat' dir='ltr'>eos</span> <span class='ocrx_word' id='word_1_23' title='bbox 412 377 440 427; x_wconf 86' lang='lat' dir='ltr'>ed</span> <span class='ocrx_word' id='word_1_24' title='bbox 452 373 560 429; x_wconf 85' lang='lat' dir='ltr'>orandum</span> <span class='ocrx_word' id='word_1_25' title='bbox 571 389 615 449; x_wconf 86' lang='lat' dir='ltr'>pro</span> <span class='ocrx_word' id='word_1_26' title='bbox 629 365 695 450; x_wconf 71' lang='lat' dir='ltr'>uoltis</span> <span class='ocrx_word' id='word_1_27' title='bbox 709 363 859 451; x_wconf 69' lang='lat' dir='ltr'>interpellare</span> <span class='ocrx_word' id='word_1_28' title='bbox 874 371 915 429; x_wconf 84' lang='lat' dir='ltr'>d&#39;e·</span> 
     </span>
    </p>

    <p class='ocr_par' dir='ltr' id='par_1_4' title="bbox 49 445 915 516">
     <span class='ocr_line' id='line_1_5' title="bbox 49 445 915 516; baseline -0.001 -16"><span class='ocrx_word' id='word_1_29' title='bbox 49 497 52 514; x_wconf 77' lang='grc'><strong>,</strong></span> <span class='ocrx_word' id='word_1_30' title='bbox 112 449 222 511; x_wconf 80' lang='lat' dir='ltr'>hermus,</span> <span class='ocrx_word' id='word_1_31' title='bbox 237 451 281 501; x_wconf 89' lang='lat' dir='ltr'>hoc</span> <span class='ocrx_word' id='word_1_32' title='bbox 293 462 339 500; x_wconf 89' lang='lat' dir='ltr'>non</span> <span class='ocrx_word' id='word_1_33' title='bbox 353 451 388 499; x_wconf 87' lang='lat' dir='ltr'>est</span> <span class='ocrx_word' id='word_1_34' title='bbox 404 447 449 498; x_wconf 88' lang='lat' dir='ltr'>nisi</span> <span class='ocrx_word' id='word_1_35' title='bbox 462 447 515 512; x_wconf 84' lang='lat' dir='ltr'>quia</span> <span class='ocrx_word' id='word_1_36' title='bbox 530 445 616 502; x_wconf 84' lang='lat' dir='ltr'>scimus</span> <span class='ocrx_word' id='word_1_37' title='bbox 628 449 853 516; x_wconf 79' lang='lat' dir='ltr'>commorationem</span> <span class='ocrx_word' id='word_1_38' title='bbox 867 450 915 499; x_wconf 81' lang='lat' dir='ltr'>ileo</span> 
     </span>
    </p>

    <p class='ocr_par' dir='ltr' id='par_1_5' title="bbox 113 513 914 588">
     <span class='ocr_line' id='line_1_6' title="bbox 113 513 914 588; baseline -0.001 -16"><span class='ocrx_word' id='word_1_39' title='bbox 113 534 163 572; x_wconf 87' lang='lat' dir='ltr'>esse</span> <span class='ocrx_word' id='word_1_40' title='bbox 181 524 304 585; x_wconf 73' lang='lat' dir='ltr'>acceptam.</span> <span class='ocrx_word' id='word_1_41' title='bbox 320 517 364 570; x_wconf 85' lang='lat' dir='ltr'>Sed</span> <span class='ocrx_word' id='word_1_42' title='bbox 377 518 462 588; x_wconf 83' lang='lat' dir='ltr'>quanto</span> <span class='ocrx_word' id='word_1_43' title='bbox 476 517 558 588; x_wconf 82' lang='lat' dir='ltr'>uliquis</span> <span class='ocrx_word' id='word_1_44' title='bbox 578 522 613 569; x_wconf 89' lang='lat' dir='ltr'>est</span> <span class='ocrx_word' id='word_1_45' title='bbox 626 514 725 582; x_wconf 79' lang='lat' dir='ltr'>sanctior</span> <span class='ocrx_word' id='word_1_46' title='bbox 738 517 799 571; x_wconf 79' lang='lat' dir='ltr'>inter</span> <span class='ocrx_word' id='word_1_47' title='bbox 813 513 914 581; x_wconf 73' lang='lat' dir='ltr'>seductos,</span> 
     </span>
    </p>
   </div>
   <div class='ocr_carea' id='block_1_3' title="bbox 24 583 955 2952">
    <p class='ocr_par' dir='ltr' id='par_1_6' title="bbox 24 583 955 2952">
     <span class='ocr_line' id='line_1_7' title="bbox 113 583 914 661; baseline 0.001 -20"><span class='ocrx_word' id='word_1_48' title='bbox 113 591 177 644; x_wconf 83' lang='lat' dir='ltr'>tnntd</span> <span class='ocrx_word' id='word_1_49' title='bbox 191 591 241 654; x_wconf 90' lang='lat' dir='ltr'>ejus</span> <span class='ocrx_word' id='word_1_50' title='bbox 252 591 322 642; x_wconf 77' lang='lat' dir='ltr'>oratio</span> <span class='ocrx_word' id='word_1_51' title='bbox 335 595 371 641; x_wconf 88' lang='lat' dir='ltr'>est</span> <span class='ocrx_word' id='word_1_52' title='bbox 384 590 456 654; x_wconf 80' lang='lat' dir='ltr'>magis</span> <span class='ocrx_word' id='word_1_53' title='bbox 467 585 514 640; x_wconf 82' lang='lat' dir='ltr'>lieo</span> <span class='ocrx_word' id='word_1_54' title='bbox 527 583 627 661; x_wconf 81' lang='lat' dir='ltr'>accepte.</span> <span class='ocrx_word' id='word_1_55' title='bbox 642 591 701 654; x_wconf 79' lang='lat' dir='ltr'>Ergo</span> <span class='ocrx_word' id='word_1_56' title='bbox 712 586 804 655; x_wconf 68' lang='lat' dir='ltr'>semper</span> <span class='ocrx_word' id='word_1_57' title='bbox 819 592 914 644; x_wconf 86' lang='lat' dir='ltr'>debere·</span> 
     </span>
     <span class='ocr_line' id='line_1_8' title="bbox 113 661 914 728; baseline 0 -14"><span class='ocrx_word' id='word_1_58' title='bbox 113 677 164 714; x_wconf 90' lang='lat' dir='ltr'>mus</span> <span class='ocrx_word' id='word_1_59' title='bbox 178 663 305 728; x_wconf 68' lang='lat' dir='ltr'>superiores</span> <span class='ocrx_word' id='word_1_60' title='bbox 321 666 411 714; x_wconf 86' lang='lat' dir='ltr'>sanctos</span> <span class='ocrx_word' id='word_1_61' title='bbox 423 676 466 727; x_wconf 92' lang='lat' dir='ltr'>pro</span> <span class='ocrx_word' id='word_1_62' title='bbox 478 662 543 713; x_wconf 86' lang='lat' dir='ltr'>nobis</span> <span class='ocrx_word' id='word_1_63' title='bbox 556 661 718 728; x_wconf 83' lang='lat' dir='ltr'>iqtercessores</span> <span class='ocrx_word' id='word_1_64' title='bbox 732 661 877 714; x_wconf 84' lang='lat' dir='ltr'>constituere</span> <span class='ocrx_word' id='word_1_65' title='bbox 887 663 914 714; x_wconf 88' lang='lat' dir='ltr'>sd</span> 
     </span>
     <span class='ocr_line' id='line_1_9' title="bbox 113 734 788 810; baseline 0.001 -26"><span class='ocrx_word' id='word_1_66' title='bbox 113 734 195 796; x_wconf 84' lang='lat' dir='ltr'>Deum,</span> <span class='ocrx_word' id='word_1_67' title='bbox 206 739 229 786; x_wconf 92' lang='lat' dir='ltr'>et</span> <span class='ocrx_word' id='word_1_68' title='bbox 239 749 356 800; x_wconf 82' lang='lat' dir='ltr'>nunquam</span> <span class='ocrx_word' id='word_1_69' title='bbox 369 735 477 786; x_wconf 89' lang='lat' dir='ltr'>minores.</span> <span class='ocrx_word' id='word_1_70' title='bbox 497 794 522 810; x_wconf 29' lang='grc' dir='ltr'>Ἡ</span> <span class='ocrx_word' id='word_1_71' title='bbox 629 787 633 798; x_wconf 62' lang='grc'><em>,</em></span> <span class='ocrx_word' id='word_1_72' title='bbox 786 797 788 802; x_wconf 28' lang='grc' dir='ltr'>Ι</span> 
     </span>
     <span class='ocr_line' id='line_1_10' title="bbox 145 801 914 876; baseline 0.004 -21"><span class='ocrx_word' id='word_1_73' title='bbox 145 811 168 858; x_wconf 71' lang='grc'>3,,</span> <span class='ocrx_word' id='word_1_74' title='bbox 183 809 305 870; x_wconf 77' lang='lat' dir='ltr'>preterea,</span> <span class='ocrx_word' id='word_1_75' title='bbox 314 805 418 858; x_wconf 84' lang='lat' dir='ltr'>Christus</span> <span class='ocrx_word' id='word_1_76' title='bbox 428 842 435 868; x_wconf 89' lang='lat'>‚</span> <span class='ocrx_word' id='word_1_77' title='bbox 447 805 572 857; x_wconf 80' lang='lat' dir='ltr'>secundun</span> <span class='ocrx_word' id='word_1_78' title='bbox 581 805 641 872; x_wconf 80' lang='lat' dir='ltr'>quod</span> <span class='ocrx_word' id='word_1_79' title='bbox 651 801 826 876; x_wconf 45' lang='lat' dir='ltr'>lromopdicitur</span> <span class='ocrx_word' id='word_1_80' title='bbox 835 807 914 858; x_wconf 79' lang='lat' dir='ltr'>Sone-</span> 
     </span>
     <span class='ocr_line' id='line_1_11' title="bbox 114 873 914 948; baseline 0.001 -20"><span class='ocrx_word' id='word_1_81' title='bbox 114 879 156 928; x_wconf 84' lang='lat' dir='ltr'>tos</span> <span class='ocrx_word' id='word_1_82' title='bbox 169 881 326 934; x_wconf 79' lang='lat' dir='ltr'>scortorum,</span> <span class='ocrx_word' id='word_1_83' title='bbox 338 882 362 948; x_wconf 83' lang='lat' dir='ltr'>et</span> <span class='ocrx_word' id='word_1_84' title='bbox 375 875 397 928; x_wconf 89' lang='lat' dir='ltr'>ei</span> <span class='ocrx_word' id='word_1_85' title='bbox 416 875 540 929; x_wconf 74' lang='lat' dir='ltr'>secundini]</span> <span class='ocrx_word' id='word_1_86' title='bbox 555 878 613 945; x_wconf 88' lang='lat' dir='ltr'>qnod</span> <span class='ocrx_word' id='word_1_87' title='bbox 627 875 695 928; x_wconf 82' lang='lat' dir='ltr'>ho&#39;mo</span> <span class='ocrx_word' id='word_1_88' title='bbox 709 873 782 928; x_wconf 78' lang='lat' dir='ltr'>orere&#39;</span> <span class='ocrx_word' id='word_1_89' title='bbox 791 879 914 944; x_wconf 88' lang='lat' dir='ltr'>competit.</span> 
     </span>
     <span class='ocr_line' id='line_1_12' title="bbox 114 945 915 1015; baseline 0.001 -17"><span class='ocrx_word' id='word_1_90' title='bbox 114 949 157 1000; x_wconf 85' lang='lat' dir='ltr'>Sed</span> <span class='ocrx_word' id='word_1_91' title='bbox 168 963 284 1014; x_wconf 83' lang='lat' dir='ltr'>nunquam</span> <span class='ocrx_word' id='word_1_92' title='bbox 298 950 414 1001; x_wconf 83' lang='lat' dir='ltr'>Christum</span> <span class='ocrx_word' id='word_1_93' title='bbox 429 950 456 1000; x_wconf 87' lang='lat' dir='ltr'>ad</span> <span class='ocrx_word' id='word_1_94' title='bbox 470 951 578 1000; x_wconf 81' lang='lat' dir='ltr'>orandum</span> <span class='ocrx_word' id='word_1_95' title='bbox 597 963 638 1013; x_wconf 89' lang='lat' dir='ltr'>pro</span> <span class='ocrx_word' id='word_1_96' title='bbox 651 949 716 1000; x_wconf 81' lang='lat' dir='ltr'>nobis</span> <span class='ocrx_word' id='word_1_97' title='bbox 729 945 915 1015; x_wconf 66' lang='lat' dir='ltr'>interpellamus.</span> 
     </span>
     <span class='ocr_line' id='line_1_13' title="bbox 113 1021 755 1096; baseline 0 -24"><span class='ocrx_word' id='word_1_98' title='bbox 113 1022 173 1085; x_wconf 85' lang='lat' dir='ltr'>Ergo</span> <span class='ocrx_word' id='word_1_99' title='bbox 184 1035 227 1073; x_wconf 89' lang='lat' dir='ltr'>nec</span> <span class='ocrx_word' id='word_1_100' title='bbox 242 1023 300 1074; x_wconf 87' lang='lat' dir='ltr'>elios</span> <span class='ocrx_word' id='word_1_101' title='bbox 314 1025 405 1093; x_wconf 70' lang='lat' dir='ltr'>sanctos</span> <span class='ocrx_word' id='word_1_102' title='bbox 415 1022 558 1096; x_wconf 82' lang='lat' dir='ltr'>interpellare</span> <span class='ocrx_word' id='word_1_103' title='bbox 572 1021 689 1094; x_wconf 77' lang='lat' dir='ltr'>dehemus.</span> <span class='ocrx_word' id='word_1_104' title='bbox 738 1081 755 1096; x_wconf 27' lang='grc' dir='ltr'>,Ι</span> 
     </span>
     <span class='ocr_line' id='line_1_14' title="bbox 124 1092 917 1158; baseline 0.001 -15"><span class='ocrx_word' id='word_1_105' title='bbox 124 1145 126 1150; x_wconf 75' lang='grc'><em>,</em></span> <span class='ocrx_word' id='word_1_106' title='bbox 146 1097 168 1144; x_wconf 85' lang='lat' dir='ltr'>t.</span> <span class='ocrx_word' id='word_1_107' title='bbox 182 1094 315 1156; x_wconf 79' lang='lat' dir='ltr'>Preterea,</span> <span class='ocrx_word' id='word_1_108' title='bbox 329 1094 465 1158; x_wconf 82' lang='lat' dir='ltr'>quicumque</span> <span class='ocrx_word' id='word_1_109' title='bbox 478 1097 570 1157; x_wconf 83' lang='lat' dir='ltr'>rogatus</span> <span class='ocrx_word' id='word_1_110' title='bbox 582 1092 609 1142; x_wconf 81' lang='lat' dir='ltr'>ab</span> <span class='ocrx_word' id='word_1_111' title='bbox 626 1093 704 1158; x_wconf 82' lang='lat' dir='ltr'>utiquo</span> <span class='ocrx_word' id='word_1_112' title='bbox 712 1129 721 1156; x_wconf 93' lang='lat'>,</span> <span class='ocrx_word' id='word_1_113' title='bbox 735 1095 777 1157; x_wconf 81' lang='lat' dir='ltr'>pro</span> <span class='ocrx_word' id='word_1_114' title='bbox 792 1105 820 1144; x_wconf 93' lang='lat' dir='ltr'>eo</span> <span class='ocrx_word' id='word_1_115' title='bbox 843 1093 917 1144; x_wconf 89' lang='lat' dir='ltr'>iuter·</span> 
     </span>
     <span class='ocr_line' id='line_1_15' title="bbox 113 1165 918 1230; baseline 0.001 -15"><span class='ocrx_word' id='word_1_116' title='bbox 113 1165 190 1226; x_wconf 82' lang='lat' dir='ltr'>cedit,</span> <span class='ocrx_word' id='word_1_117' title='bbox 205 1179 284 1228; x_wconf 84' lang='lat' dir='ltr'>preces</span> <span class='ocrx_word' id='word_1_118' title='bbox 297 1166 371 1229; x_wconf 86' lang='lat' dir='ltr'>ipsius</span> <span class='ocrx_word' id='word_1_119' title='bbox 384 1165 407 1217; x_wconf 89' lang='lat' dir='ltr'>ei</span> <span class='ocrx_word' id='word_1_120' title='bbox 421 1166 569 1230; x_wconf 67' lang='lat' dir='ltr'>representat</span> <span class='ocrx_word' id='word_1_121' title='bbox 584 1165 644 1230; x_wconf 82' lang='lat' dir='ltr'>apud</span> <span class='ocrx_word' id='word_1_122' title='bbox 657 1178 724 1230; x_wconf 90' lang='lat' dir='ltr'>quem</span> <span class='ocrx_word' id='word_1_123' title='bbox 737 1177 779 1229; x_wconf 92' lang='lat' dir='ltr'>pro</span> <span class='ocrx_word' id='word_1_124' title='bbox 795 1179 823 1216; x_wconf 91' lang='lat' dir='ltr'>eo</span> <span class='ocrx_word' id='word_1_125' title='bbox 842 1166 918 1216; x_wconf 89' lang='lat' dir='ltr'>inter·</span> 
     </span>
     <span class='ocr_line' id='line_1_16' title="bbox 113 1236 919 1304; baseline -0.001 -15"><span class='ocrx_word' id='word_1_126' title='bbox 113 1237 182 1290; x_wconf 86' lang='lat' dir='ltr'>cedit.</span> <span class='ocrx_word' id='word_1_127' title='bbox 199 1237 244 1289; x_wconf 86' lang='lat' dir='ltr'>Sed</span> <span class='ocrx_word' id='word_1_128' title='bbox 257 1239 396 1304; x_wconf 85' lang='lat' dir='ltr'>superfluum</span> <span class='ocrx_word' id='word_1_129' title='bbox 412 1241 447 1290; x_wconf 87' lang='lat' dir='ltr'>est</span> <span class='ocrx_word' id='word_1_130' title='bbox 460 1239 482 1290; x_wconf 89' lang='lat' dir='ltr'>ei</span> <span class='ocrx_word' id='word_1_131' title='bbox 493 1241 654 1301; x_wconf 82' lang='lat' dir='ltr'>representare</span> <span class='ocrx_word' id='word_1_132' title='bbox 669 1236 773 1302; x_wconf 85' lang='lat' dir='ltr'>aliquid,</span> <span class='ocrx_word' id='word_1_133' title='bbox 785 1237 824 1286; x_wconf 89' lang='lat' dir='ltr'>oui</span> <span class='ocrx_word' id='word_1_134' title='bbox 840 1238 919 1288; x_wconf 83' lang='lat' dir='ltr'>omniu</span> 
     </span>
     <span class='ocr_line' id='line_1_17' title="bbox 113 1304 920 1376; baseline -0.001 -14"><span class='ocrx_word' id='word_1_135' title='bbox 113 1313 166 1362; x_wconf 91' lang='lat' dir='ltr'>suut</span> <span class='ocrx_word' id='word_1_136' title='bbox 180 1311 308 1376; x_wconf 80' lang='lat' dir='ltr'>presentia.</span> <span class='ocrx_word' id='word_1_137' title='bbox 321 1309 380 1375; x_wconf 78' lang='lat' dir='ltr'>Ergo</span> <span class='ocrx_word' id='word_1_138' title='bbox 394 1311 534 1374; x_wconf 81' lang='lat' dir='ltr'>superfluum</span> <span class='ocrx_word' id='word_1_139' title='bbox 545 1313 579 1360; x_wconf 89' lang='lat' dir='ltr'>ost</span> <span class='ocrx_word' id='word_1_140' title='bbox 590 1304 650 1375; x_wconf 84' lang='lat' dir='ltr'>quod</span> <span class='ocrx_word' id='word_1_141' title='bbox 663 1313 753 1360; x_wconf 86' lang='lat' dir='ltr'>sanctos</span> <span class='ocrx_word' id='word_1_142' title='bbox 771 1310 920 1362; x_wconf 82' lang='lat' dir='ltr'>intercesso-</span> 
     </span>
     <span class='ocr_line' id='line_1_18' title="bbox 113 1375 686 1450; baseline 0 -20"><span class='ocrx_word' id='word_1_143' title='bbox 113 1375 686 1450; x_wconf 38' lang='lat' dir='ltr'>mmmmmmm„</span> 
     </span>
     <span class='ocr_line' id='line_1_19' title="bbox 144 1451 920 1519; baseline 0 -14"><span class='ocrx_word' id='word_1_144' title='bbox 144 1460 168 1505; x_wconf 82' lang='lat'>5.</span> <span class='ocrx_word' id='word_1_145' title='bbox 183 1455 294 1506; x_wconf 76' lang='lat' dir='ltr'>Preterea</span> <span class='ocrx_word' id='word_1_146' title='bbox 302 1491 310 1517; x_wconf 89' lang='lat'>,</span> <span class='ocrx_word' id='word_1_147' title='bbox 325 1455 381 1506; x_wconf 89' lang='lat' dir='ltr'>illud</span> <span class='ocrx_word' id='word_1_148' title='bbox 393 1457 429 1506; x_wconf 88' lang='lat' dir='ltr'>est</span> <span class='ocrx_word' id='word_1_149' title='bbox 447 1451 585 1518; x_wconf 88' lang='lat' dir='ltr'>superfluum</span> <span class='ocrx_word' id='word_1_150' title='bbox 595 1453 659 1518; x_wconf 90' lang='lat' dir='ltr'>quod</span> <span class='ocrx_word' id='word_1_151' title='bbox 674 1451 699 1502; x_wconf 87' lang='lat' dir='ltr'>fit</span> <span class='ocrx_word' id='word_1_152' title='bbox 710 1455 803 1518; x_wconf 88' lang='lat' dir='ltr'>propter</span> <span class='ocrx_word' id='word_1_153' title='bbox 817 1452 920 1519; x_wconf 85' lang='lat' dir='ltr'>aliquid,</span> 
     </span>
     <span class='ocr_line' id='line_1_20' title="bbox 111 1523 918 1590; baseline -0.001 -14"><span class='ocrx_word' id='word_1_154' title='bbox 111 1527 173 1590; x_wconf 89' lang='lat' dir='ltr'>quod</span> <span class='ocrx_word' id='word_1_155' title='bbox 183 1526 233 1578; x_wconf 88' lang='lat' dir='ltr'>sine</span> <span class='ocrx_word' id='word_1_156' title='bbox 247 1539 274 1578; x_wconf 90' lang='lat' dir='ltr'>eo</span> <span class='ocrx_word' id='word_1_157' title='bbox 288 1527 368 1578; x_wconf 91' lang='lat' dir='ltr'>eodem</span> <span class='ocrx_word' id='word_1_158' title='bbox 381 1526 447 1577; x_wconf 90' lang='lat' dir='ltr'>modo</span> <span class='ocrx_word' id='word_1_159' title='bbox 462 1525 536 1588; x_wconf 86' lang='lat' dir='ltr'>fieret,</span> <span class='ocrx_word' id='word_1_160' title='bbox 549 1526 585 1576; x_wconf 89' lang='lat' dir='ltr'>vel</span> <span class='ocrx_word' id='word_1_161' title='bbox 600 1525 732 1576; x_wconf 81' lang='lat' dir='ltr'>ponderet.</span> <span class='ocrx_word' id='word_1_162' title='bbox 748 1523 791 1576; x_wconf 88' lang='lat' dir='ltr'>Sed</span> <span class='ocrx_word' id='word_1_163' title='bbox 805 1525 918 1577; x_wconf 85' lang='lat' dir='ltr'>similiter</span> 
     </span>
     <span class='ocr_line' id='line_1_21' title="bbox 24 1595 919 1663; baseline 0 -15"><span class='ocrx_word' id='word_1_164' title='bbox 24 1600 28 1610; x_wconf 79' lang='lat'><em>&#39;</em></span> <span class='ocrx_word' id='word_1_165' title='bbox 111 1596 183 1648; x_wconf 81' lang='lat' dir='ltr'>sancti</span> <span class='ocrx_word' id='word_1_166' title='bbox 193 1602 284 1648; x_wconf 78' lang='lat' dir='ltr'>orarent</span> <span class='ocrx_word' id='word_1_167' title='bbox 292 1599 333 1663; x_wconf 83' lang='lat' dir='ltr'>pro</span> <span class='ocrx_word' id='word_1_168' title='bbox 345 1597 411 1650; x_wconf 91' lang='lat' dir='ltr'>nobis</span> <span class='ocrx_word' id='word_1_169' title='bbox 420 1597 458 1648; x_wconf 84' lang='lat' dir='ltr'>uel</span> <span class='ocrx_word' id='word_1_170' title='bbox 466 1610 512 1647; x_wconf 90' lang='lat' dir='ltr'>nou</span> <span class='ocrx_word' id='word_1_171' title='bbox 526 1599 632 1657; x_wconf 84' lang='lat' dir='ltr'>orarent,</span> <span class='ocrx_word' id='word_1_172' title='bbox 645 1595 694 1647; x_wconf 86' lang='lat' dir='ltr'>sive</span> <span class='ocrx_word' id='word_1_173' title='bbox 704 1608 746 1646; x_wconf 91' lang='lat' dir='ltr'>uos</span> <span class='ocrx_word' id='word_1_174' title='bbox 757 1609 851 1648; x_wconf 88' lang='lat' dir='ltr'>oremus</span> <span class='ocrx_word' id='word_1_175' title='bbox 866 1611 919 1655; x_wconf 84' lang='lat' dir='ltr'>eos,</span> 
     </span>
     <span class='ocr_line' id='line_1_22' title="bbox 112 1667 921 1734; baseline -0.004 -15"><span class='ocrx_word' id='word_1_176' title='bbox 112 1668 161 1719; x_wconf 89' lang='lat' dir='ltr'>siue</span> <span class='ocrx_word' id='word_1_177' title='bbox 173 1682 220 1718; x_wconf 88' lang='lat' dir='ltr'>non</span> <span class='ocrx_word' id='word_1_178' title='bbox 230 1681 334 1731; x_wconf 81' lang='lat' dir='ltr'>oremus3</span> <span class='ocrx_word' id='word_1_179' title='bbox 343 1669 397 1731; x_wconf 84' lang='lat' dir='ltr'>quir</span> <span class='ocrx_word' id='word_1_180' title='bbox 407 1667 428 1718; x_wconf 92' lang='lat' dir='ltr'>si</span> <span class='ocrx_word' id='word_1_181' title='bbox 438 1667 510 1718; x_wconf 86' lang='lat' dir='ltr'>simus</span> <span class='ocrx_word' id='word_1_182' title='bbox 519 1667 583 1730; x_wconf 79' lang='lat' dir='ltr'>digni</span> <span class='ocrx_word' id='word_1_183' title='bbox 594 1672 619 1717; x_wconf 89' lang='lat' dir='ltr'>ut</span> <span class='ocrx_word' id='word_1_184' title='bbox 629 1680 670 1734; x_wconf 92' lang='lat' dir='ltr'>pro</span> <span class='ocrx_word' id='word_1_185' title='bbox 679 1667 745 1717; x_wconf 86' lang='lat' dir='ltr'>nobis</span> <span class='ocrx_word' id='word_1_186' title='bbox 755 1671 837 1730; x_wconf 87' lang='lat' dir='ltr'>orent,</span> <span class='ocrx_word' id='word_1_187' title='bbox 848 1669 921 1718; x_wconf 81' lang='lat' dir='ltr'>etism</span> 
     </span>
     <span class='ocr_line' id='line_1_23' title="bbox 112 1737 921 1804; baseline -0.001 -13"><span class='ocrx_word' id='word_1_188' title='bbox 112 1740 176 1791; x_wconf 87' lang='lat' dir='ltr'>uobis</span> <span class='ocrx_word' id='word_1_189' title='bbox 188 1752 228 1790; x_wconf 88' lang='lat' dir='ltr'>eos</span> <span class='ocrx_word' id='word_1_190' title='bbox 246 1753 293 1790; x_wconf 89' lang='lat' dir='ltr'>non</span> <span class='ocrx_word' id='word_1_191' title='bbox 310 1738 442 1801; x_wconf 86' lang='lat' dir='ltr'>orantibus,</span> <span class='ocrx_word' id='word_1_192' title='bbox 458 1753 499 1804; x_wconf 92' lang='lat' dir='ltr'>pro</span> <span class='ocrx_word' id='word_1_193' title='bbox 513 1739 580 1790; x_wconf 89' lang='lat' dir='ltr'>nobis</span> <span class='ocrx_word' id='word_1_194' title='bbox 597 1743 700 1802; x_wconf 83' lang='lat' dir='ltr'>orereut3</span> <span class='ocrx_word' id='word_1_195' title='bbox 713 1737 733 1790; x_wconf 90' lang='lat' dir='ltr'>si</span> <span class='ocrx_word' id='word_1_196' title='bbox 750 1745 829 1790; x_wconf 84' lang='lat' dir='ltr'>autem</span> <span class='ocrx_word' id='word_1_197' title='bbox 845 1739 921 1790; x_wconf 88' lang='lat' dir='ltr'>simus</span> 
     </span>
     <span class='ocr_line' id='line_1_24' title="bbox 110 1809 920 1875; baseline 0.002 -17"><span class='ocrx_word' id='word_1_198' title='bbox 110 1809 214 1875; x_wconf 81' lang='lat' dir='ltr'>indigni,</span> <span class='ocrx_word' id='word_1_199' title='bbox 228 1809 319 1862; x_wconf 82' lang='lat' dir='ltr'>etiamsi</span> <span class='ocrx_word' id='word_1_200' title='bbox 340 1814 459 1874; x_wconf 83' lang='lat' dir='ltr'>petamus,</span> <span class='ocrx_word' id='word_1_201' title='bbox 479 1824 521 1873; x_wconf 92' lang='lat' dir='ltr'>pro</span> <span class='ocrx_word' id='word_1_202' title='bbox 533 1811 599 1861; x_wconf 89' lang='lat' dir='ltr'>nobis</span> <span class='ocrx_word' id='word_1_203' title='bbox 612 1822 657 1860; x_wconf 90' lang='lat' dir='ltr'>non</span> <span class='ocrx_word' id='word_1_204' title='bbox 672 1813 747 1861; x_wconf 82' lang='lat' dir='ltr'>orant.</span> <span class='ocrx_word' id='word_1_205' title='bbox 766 1811 827 1874; x_wconf 83' lang='lat' dir='ltr'>Ergo</span> <span class='ocrx_word' id='word_1_206' title='bbox 843 1810 920 1862; x_wconf 86' lang='lat' dir='ltr'>inter·</span> 
     </span>
     <span class='ocr_line' id='line_1_25' title="bbox 112 1880 920 1948; baseline 0.004 -18"><span class='ocrx_word' id='word_1_207' title='bbox 112 1881 196 1944; x_wconf 85' lang='lat' dir='ltr'>pellere</span> <span class='ocrx_word' id='word_1_208' title='bbox 217 1893 256 1932; x_wconf 87' lang='lat' dir='ltr'>eos</span> <span class='ocrx_word' id='word_1_209' title='bbox 271 1881 300 1932; x_wconf 87' lang='lat' dir='ltr'>ad</span> <span class='ocrx_word' id='word_1_210' title='bbox 319 1881 429 1932; x_wconf 87' lang='lat' dir='ltr'>orandum</span> <span class='ocrx_word' id='word_1_211' title='bbox 448 1895 489 1944; x_wconf 91' lang='lat' dir='ltr'>pro</span> <span class='ocrx_word' id='word_1_212' title='bbox 510 1881 592 1944; x_wconf 84' lang='lat' dir='ltr'>nobis,</span> <span class='ocrx_word' id='word_1_213' title='bbox 613 1880 703 1932; x_wconf 90' lang='lat' dir='ltr'>uidetur</span> <span class='ocrx_word' id='word_1_214' title='bbox 724 1881 818 1933; x_wconf 88' lang='lat' dir='ltr'>omuino</span> <span class='ocrx_word' id='word_1_215' title='bbox 838 1897 920 1948; x_wconf 88' lang='lat' dir='ltr'>supcr-</span> 
     </span>
     <span class='ocr_line' id='line_1_26' title="bbox 112 1953 938 2002; baseline 0 0"><span class='ocrx_word' id='word_1_216' title='bbox 112 1953 193 2002; x_wconf 87' lang='lat' dir='ltr'>fluum.</span> <span class='ocrx_word' id='word_1_217' title='bbox 931 1956 938 1972; x_wconf 81' lang='lat'>⁸</span> 
     </span>
     <span class='ocr_line' id='line_1_27' title="bbox 118 2013 921 2090; baseline 0.004 -15"><span class='ocrx_word' id='word_1_218' title='bbox 118 2013 120 2016; x_wconf 62' lang='grc'><strong>’</strong></span> <span class='ocrx_word' id='word_1_219' title='bbox 144 2026 189 2076; x_wconf 86' lang='lat' dir='ltr'>Sed</span> <span class='ocrx_word' id='word_1_220' title='bbox 202 2027 281 2075; x_wconf 85' lang='lat' dir='ltr'>contre</span> <span class='ocrx_word' id='word_1_221' title='bbox 297 2025 341 2084; x_wconf 87' lang='lat' dir='ltr'>est,</span> <span class='ocrx_word' id='word_1_222' title='bbox 352 2023 413 2088; x_wconf 90' lang='lat' dir='ltr'>quod</span> <span class='ocrx_word' id='word_1_223' title='bbox 423 2022 504 2074; x_wconf 89' lang='lat' dir='ltr'>dicitur</span> <span class='ocrx_word' id='word_1_224' title='bbox 515 2023 614 2080; x_wconf 66' lang='lat' dir='ltr'>todi:</span> <span class='ocrx_word' id='word_1_225' title='bbox 628 2041 641 2072; x_wconf 85' lang='lat' dir='ltr'>u</span> <span class='ocrx_word' id='word_1_226' title='bbox 650 2025 721 2088; x_wconf 81' lang='lat' dir='ltr'>Voce,</span> <span class='ocrx_word' id='word_1_227' title='bbox 736 2023 757 2074; x_wconf 88' lang='lat' dir='ltr'>si</span> <span class='ocrx_word' id='word_1_228' title='bbox 769 2028 806 2075; x_wconf 85' lang='lat' dir='ltr'>est</span> <span class='ocrx_word' id='word_1_229' title='bbox 820 2025 862 2090; x_wconf 91' lang='lat' dir='ltr'>qui</span> <span class='ocrx_word' id='word_1_230' title='bbox 879 2027 921 2078; x_wconf 85' lang='lat' dir='ltr'>tihi</span> 
     </span>
     <span class='ocr_line' id='line_1_28' title="bbox 111 2094 921 2162; baseline 0.001 -15"><span class='ocrx_word' id='word_1_231' title='bbox 111 2097 264 2162; x_wconf 83' lang='lat' dir='ltr'>respoudeat,</span> <span class='ocrx_word' id='word_1_232' title='bbox 279 2097 303 2144; x_wconf 91' lang='lat' dir='ltr'>et</span> <span class='ocrx_word' id='word_1_233' title='bbox 322 2095 348 2144; x_wconf 83' lang='lat' dir='ltr'>nd</span> <span class='ocrx_word' id='word_1_234' title='bbox 372 2094 470 2158; x_wconf 80' lang='lat' dir='ltr'>aliquem</span> <span class='ocrx_word' id='word_1_235' title='bbox 489 2097 619 2146; x_wconf 85' lang='lat' dir='ltr'>sanctornm</span> <span class='ocrx_word' id='word_1_236' title='bbox 635 2098 805 2148; x_wconf 75' lang='lat' dir='ltr'>conuertere.»</span> <span class='ocrx_word' id='word_1_237' title='bbox 823 2099 921 2148; x_wconf 80' lang='lat' dir='ltr'>Vocare</span> 
     </span>
     <span class='ocr_line' id='line_1_29' title="bbox 111 2166 920 2232; baseline 0.001 -13"><span class='ocrx_word' id='word_1_238' title='bbox 111 2173 187 2220; x_wconf 85' lang='lat' dir='ltr'>autem</span> <span class='ocrx_word' id='word_1_239' title='bbox 208 2170 326 2229; x_wconf 89' lang='lat' dir='ltr'>nostrum,</span> <span class='ocrx_word' id='word_1_240' title='bbox 342 2169 378 2217; x_wconf 88' lang='lat' dir='ltr'>est</span> <span class='ocrx_word' id='word_1_241' title='bbox 396 2166 436 2230; x_wconf 85' lang='lat' dir='ltr'>(ut</span> <span class='ocrx_word' id='word_1_242' title='bbox 453 2167 575 2230; x_wconf 80' lang='lat' dir='ltr'>Gregorius</span> <span class='ocrx_word' id='word_1_243' title='bbox 599 2167 654 2218; x_wconf 86' lang='lat' dir='ltr'>dicit</span> <span class='ocrx_word' id='word_1_244' title='bbox 673 2167 789 2232; x_wconf 84' lang='lat' dir='ltr'>ididem)</span> <span class='ocrx_word' id='word_1_245' title='bbox 804 2170 920 2220; x_wconf 15' lang='lat' dir='ltr'>‹rehumili</span> 
     </span>
     <span class='ocr_line' id='line_1_30' title="bbox 111 2233 918 2304; baseline 0.004 -15"><span class='ocrx_word' id='word_1_246' title='bbox 111 2241 182 2292; x_wconf 84' lang='lat' dir='ltr'>lleum</span> <span class='ocrx_word' id='word_1_247' title='bbox 196 2249 264 2304; x_wconf 89' lang='lat' dir='ltr'>prece</span> <span class='ocrx_word' id='word_1_248' title='bbox 275 2238 406 2302; x_wconf 86' lang='lat' dir='ltr'>deposcere.</span> <span class='ocrx_word' id='word_1_249' title='bbox 420 2239 503 2304; x_wconf 73' lang='lat' dir='ltr'>»drgo</span> <span class='ocrx_word' id='word_1_250' title='bbox 513 2237 564 2288; x_wconf 85' lang='lat' dir='ltr'>oium</span> <span class='ocrx_word' id='word_1_251' title='bbox 573 2233 684 2290; x_wconf 69' lang='lat' dir='ltr'>&#39;uolumus</span> <span class='ocrx_word' id='word_1_252' title='bbox 699 2239 770 2290; x_wconf 85' lang='lat' dir='ltr'>ileum</span> <span class='ocrx_word' id='word_1_253' title='bbox 782 2250 864 2304; x_wconf 85' lang='lat' dir='ltr'>orare,</span> <span class='ocrx_word' id='word_1_254' title='bbox 879 2243 918 2292; x_wconf 90' lang='lat' dir='ltr'>de·</span> 
     </span>
     <span class='ocr_line' id='line_1_31' title="bbox 110 2307 837 2377; baseline 0.001 -14"><span class='ocrx_word' id='word_1_255' title='bbox 110 2312 190 2364; x_wconf 89' lang='lat' dir='ltr'>bemus</span> <span class='ocrx_word' id='word_1_256' title='bbox 212 2311 240 2362; x_wconf 84' lang='lat' dir='ltr'>ad</span> <span class='ocrx_word' id='word_1_257' title='bbox 260 2314 349 2361; x_wconf 87' lang='lat' dir='ltr'>sanctos</span> <span class='ocrx_word' id='word_1_258' title='bbox 368 2312 489 2373; x_wconf 87' lang='lat' dir='ltr'>conuerti,</span> <span class='ocrx_word' id='word_1_259' title='bbox 503 2307 582 2377; x_wconf 76' lang='lat' dir='ltr'>utt&#39;pro</span> <span class='ocrx_word' id='word_1_260' title='bbox 598 2311 667 2364; x_wconf 87' lang='lat' dir='ltr'>nobis</span> <span class='ocrx_word' id='word_1_261' title='bbox 677 2313 749 2363; x_wconf 82' lang='lat' dir='ltr'>Deum</span> <span class='ocrx_word' id='word_1_262' title='bbox 762 2321 837 2364; x_wconf 89' lang='lat' dir='ltr'>orent.</span> 
     </span>
     <span class='ocr_line' id='line_1_32' title="bbox 141 2382 917 2450; baseline 0.004 -16"><span class='ocrx_word' id='word_1_263' title='bbox 141 2385 265 2450; x_wconf 83' lang='lat' dir='ltr'>Preteree,</span> <span class='ocrx_word' id='word_1_264' title='bbox 281 2382 355 2434; x_wconf 88' lang='lat' dir='ltr'>sancti</span> <span class='ocrx_word' id='word_1_265' title='bbox 364 2383 405 2448; x_wconf 88' lang='lat' dir='ltr'>qui</span> <span class='ocrx_word' id='word_1_266' title='bbox 416 2389 470 2436; x_wconf 89' lang='lat' dir='ltr'>sunt</span> <span class='ocrx_word' id='word_1_267' title='bbox 483 2384 507 2434; x_wconf 88' lang='lat' dir='ltr'>in</span> <span class='ocrx_word' id='word_1_268' title='bbox 519 2383 593 2448; x_wconf 81' lang='lat' dir='ltr'>patria</span> <span class='ocrx_word' id='word_1_269' title='bbox 608 2383 680 2448; x_wconf 80' lang='lat' dir='ltr'>magis</span> <span class='ocrx_word' id='word_1_270' title='bbox 699 2387 752 2434; x_wconf 89' lang='lat' dir='ltr'>sunt</span> <span class='ocrx_word' id='word_1_271' title='bbox 766 2385 859 2449; x_wconf 86' lang='lat' dir='ltr'>accepti</span> <span class='ocrx_word' id='word_1_272' title='bbox 870 2387 917 2437; x_wconf 79' lang='lat' dir='ltr'>lieo</span> 
     </span>
     <span class='ocr_line' id='line_1_33' title="bbox 110 2445 955 2531; baseline 0.006 -25"><span class='ocrx_word' id='word_1_273' title='bbox 110 2453 179 2520; x_wconf 79' lang='lat' dir='ltr'>quim</span> <span class='ocrx_word' id='word_1_274' title='bbox 192 2455 216 2506; x_wconf 91' lang='lat' dir='ltr'>in</span> <span class='ocrx_word' id='word_1_275' title='bbox 230 2445 290 2522; x_wconf 74' lang='lat' dir='ltr'>st&#39;atu</span> <span class='ocrx_word' id='word_1_276' title='bbox 307 2453 360 2506; x_wconf 87' lang='lat' dir='ltr'>uiae.</span> <span class='ocrx_word' id='word_1_277' title='bbox 378 2455 423 2531; x_wconf 81' lang='lat' dir='ltr'>Sed</span> <span class='ocrx_word' id='word_1_278' title='bbox 440 2451 531 2508; x_wconf 77' lang='lat' dir='ltr'>sanctos</span> <span class='ocrx_word' id='word_1_279' title='bbox 552 2455 659 2520; x_wconf 90' lang='lat' dir='ltr'>quisunt</span> <span class='ocrx_word' id='word_1_280' title='bbox 678 2455 703 2506; x_wconf 89' lang='lat' dir='ltr'>in</span> <span class='ocrx_word' id='word_1_281' title='bbox 717 2454 754 2505; x_wconf 82' lang='lat' dir='ltr'>via</span> <span class='ocrx_word' id='word_1_282' title='bbox 771 2456 916 2509; x_wconf 86' lang='lat' dir='ltr'>constituere</span> <span class='ocrx_word' id='word_1_283' title='bbox 954 2445 955 2512; x_wconf 74' lang='lat' dir='ltr'>l</span> 
     </span>
     <span class='ocr_line' id='line_1_34' title="bbox 106 2520 955 2595; baseline -0.002 -13"><span class='ocrx_word' id='word_1_284' title='bbox 106 2531 220 2582; x_wconf 77' lang='lat' dir='ltr'>&#39;debemus</span> <span class='ocrx_word' id='word_1_285' title='bbox 233 2527 395 2580; x_wconf 84' lang='lat' dir='ltr'>intercessores</span> <span class='ocrx_word' id='word_1_286' title='bbox 408 2520 450 2594; x_wconf 91' lang='lat' dir='ltr'>p&#39;ro</span> <span class='ocrx_word' id='word_1_287' title='bbox 464 2525 530 2579; x_wconf 80' lang='lat' dir='ltr'>nolis</span> <span class='ocrx_word' id='word_1_288' title='bbox 544 2529 571 2588; x_wconf 80' lang='lat' dir='ltr'>ad</span> <span class='ocrx_word' id='word_1_289' title='bbox 586 2529 670 2593; x_wconf 82' lang='lat' dir='ltr'>Deum,</span> <span class='ocrx_word' id='word_1_290' title='bbox 681 2529 785 2594; x_wconf 87' lang='lat' dir='ltr'>exemplo</span> <span class='ocrx_word' id='word_1_291' title='bbox 800 2531 914 2595; x_wconf 73' lang='lat' dir='ltr'>Apostoli,</span> <span class='ocrx_word' id='word_1_292' title='bbox 954 2527 955 2558; x_wconf 65' lang='lat'>³</span> 
     </span>
     <span class='ocr_line' id='line_1_35' title="bbox 110 2587 915 2668; baseline 0.005 -17"><span class='ocrx_word' id='word_1_293' title='bbox 110 2603 150 2666; x_wconf 90' lang='lat' dir='ltr'>qui</span> <span class='ocrx_word' id='word_1_294' title='bbox 166 2587 256 2653; x_wconf 78' lang='lat' dir='ltr'>dicebat</span> <span class='ocrx_word' id='word_1_295' title='bbox 270 2603 352 2661; x_wconf 77' lang='lat' dir='ltr'>Rom„</span> <span class='ocrx_word' id='word_1_296' title='bbox 368 2603 409 2652; x_wconf 86' lang='lat' dir='ltr'>XV</span> <span class='ocrx_word' id='word_1_297' title='bbox 425 2617 431 2649; x_wconf 76' lang='grc' dir='ltr'><strong>ε</strong></span> <span class='ocrx_word' id='word_1_298' title='bbox 446 2601 568 2654; x_wconf 82' lang='lat' dir='ltr'>«Obsecro</span> <span class='ocrx_word' id='word_1_299' title='bbox 585 2615 643 2660; x_wconf 89' lang='lat' dir='ltr'>uos,</span> <span class='ocrx_word' id='word_1_300' title='bbox 663 2602 759 2666; x_wconf 84' lang='lat' dir='ltr'>tratres,</span> <span class='ocrx_word' id='word_1_301' title='bbox 775 2616 817 2668; x_wconf 89' lang='lat' dir='ltr'>per</span> <span class='ocrx_word' id='word_1_302' title='bbox 839 2605 915 2655; x_wconf 87' lang='lat' dir='ltr'>Domi-</span> 
     </span>
     <span class='ocr_line' id='line_1_36' title="bbox 109 2673 913 2743; baseline 0.002 -19"><span class='ocrx_word' id='word_1_303' title='bbox 109 2687 163 2724; x_wconf 90' lang='lat' dir='ltr'>num</span> <span class='ocrx_word' id='word_1_304' title='bbox 182 2677 284 2725; x_wconf 89' lang='lat' dir='ltr'>nostrum</span> <span class='ocrx_word' id='word_1_305' title='bbox 302 2674 379 2724; x_wconf 83' lang='lat' dir='ltr'>lesum</span> <span class='ocrx_word' id='word_1_306' title='bbox 391 2673 519 2734; x_wconf 87' lang='lat' dir='ltr'>Christum,</span> <span class='ocrx_word' id='word_1_307' title='bbox 532 2679 554 2724; x_wconf 86' lang='lat' dir='ltr'>ct</span> <span class='ocrx_word' id='word_1_308' title='bbox 568 2687 609 2739; x_wconf 90' lang='lat' dir='ltr'>per</span> <span class='ocrx_word' id='word_1_309' title='bbox 621 2673 757 2725; x_wconf 81' lang='lat' dir='ltr'>charitatem</span> <span class='ocrx_word' id='word_1_310' title='bbox 771 2676 847 2726; x_wconf 84' lang='lat' dir='ltr'>sancti</span> <span class='ocrx_word' id='word_1_311' title='bbox 860 2676 913 2743; x_wconf 88' lang='lat' dir='ltr'>Spi-</span> 
     </span>
     <span class='ocr_line' id='line_1_37' title="bbox 111 2743 910 2821; baseline 0.003 -27"><span class='ocrx_word' id='word_1_312' title='bbox 111 2745 184 2814; x_wconf 48' lang='lat' dir='ltr'>rltulsq</span> <span class='ocrx_word' id='word_1_313' title='bbox 192 2749 217 2795; x_wconf 89' lang='lat' dir='ltr'>ut</span> <span class='ocrx_word' id='word_1_314' title='bbox 226 2745 338 2821; x_wconf 80' lang='lat' dir='ltr'>adjuvetis</span> <span class='ocrx_word' id='word_1_315' title='bbox 348 2745 418 2796; x_wconf 72' lang='lat' dir='ltr'>m‘e&#39;in</span> <span class='ocrx_word' id='word_1_316' title='bbox 428 2743 567 2797; x_wconf 75' lang='lat' dir='ltr'>orationibus</span> <span class='ocrx_word' id='word_1_317' title='bbox 576 2745 660 2797; x_wconf 84' lang='lat' dir='ltr'>vestris</span> <span class='ocrx_word' id='word_1_318' title='bbox 668 2760 709 2810; x_wconf 93' lang='lat' dir='ltr'>pro</span> <span class='ocrx_word' id='word_1_319' title='bbox 718 2759 755 2796; x_wconf 83' lang='lat' dir='ltr'>nne</span> <span class='ocrx_word' id='word_1_320' title='bbox 765 2745 794 2796; x_wconf 83' lang='lat' dir='ltr'>ed</span> <span class='ocrx_word' id='word_1_321' title='bbox 803 2749 910 2798; x_wconf 72' lang='lat' dir='ltr'>Deum.»</span> 
     </span>
     <span class='ocr_line' id='line_1_38' title="bbox 109 2805 955 2897; baseline 0.006 -30"><span class='ocrx_word' id='word_1_322' title='bbox 109 2815 170 2894; x_wconf 33' lang='lat' dir='ltr'>‘lippo</span> <span class='ocrx_word' id='word_1_323' title='bbox 184 2805 312 2884; x_wconf 75' lang='lat' dir='ltr'>uos&#39;lnuiltd</span> <span class='ocrx_word' id='word_1_324' title='bbox 329 2807 409 2892; x_wconf 75' lang='lat' dir='ltr'>lo&#39;rtiirs</span> <span class='ocrx_word' id='word_1_325' title='bbox 422 2815 500 2897; x_wconf 80' lang='lat' dir='ltr'>petere</span> <span class='ocrx_word' id='word_1_326' title='bbox 515 2816 624 2868; x_wconf 85' lang='lat' dir='ltr'>debemus</span> <span class='ocrx_word' id='word_1_327' title='bbox 637 2816 649 2866; x_wconf 79' lang='grc' dir='ltr'>ὲ</span> <span class='ocrx_word' id='word_1_328' title='bbox 664 2816 748 2867; x_wconf 82' lang='lat' dir='ltr'>sanctis</span> <span class='ocrx_word' id='word_1_329' title='bbox 760 2818 801 2882; x_wconf 88' lang='lat' dir='ltr'>qui</span> <span class='ocrx_word' id='word_1_330' title='bbox 818 2821 874 2869; x_wconf 87' lang='lat' dir='ltr'>sunt</span> <span class='ocrx_word' id='word_1_331' title='bbox 888 2821 910 2875; x_wconf 89' lang='lat' dir='ltr'>iu</span> <span class='ocrx_word' id='word_1_332' title='bbox 954 2847 955 2858; x_wconf 31' lang='grc' dir='ltr'><strong>κ</strong></span> 
     </span>
     <span class='ocr_line' id='line_1_39' title="bbox 112 2881 742 2952; baseline 0.002 -16"><span class='ocrx_word' id='word_1_333' title='bbox 112 2888 203 2952; x_wconf 79' lang='lat' dir='ltr'>patrie,</span> <span class='ocrx_word' id='word_1_334' title='bbox 217 2891 243 2939; x_wconf 90' lang='lat' dir='ltr'>ut</span> <span class='ocrx_word' id='word_1_335' title='bbox 259 2901 301 2942; x_wconf 89' lang='lat' dir='ltr'>nos</span> <span class='ocrx_word' id='word_1_336' title='bbox 311 2881 395 2951; x_wconf 81' lang='lat' dir='ltr'>juvent</span> <span class='ocrx_word' id='word_1_337' title='bbox 405 2881 544 2940; x_wconf 73' lang='lat' dir='ltr'>orationibus</span> <span class='ocrx_word' id='word_1_338' title='bbox 556 2883 605 2942; x_wconf 88' lang='lat' dir='ltr'>suis</span> <span class='ocrx_word' id='word_1_339' title='bbox 619 2889 647 2938; x_wconf 86' lang='lat' dir='ltr'>ed</span> <span class='ocrx_word' id='word_1_340' title='bbox 661 2886 742 2940; x_wconf 81' lang='lat' dir='ltr'>Deum.</span> 
     </span>
    </p>
   </div>
   <div class='ocr_carea' id='block_1_4' title="bbox 0 0 966 3332">
    <p class='ocr_par' dir='ltr' id='par_1_7' title="bbox 0 0 966 3332">
     <span class='ocr_line' id='line_1_40' title="bbox 0 0 966 3332; baseline 0 0"><span class='ocrx_word' id='word_1_341' title='bbox 0 0 966 3332; x_wconf 95' lang='lat' dir='ltr'> </span> 
     </span>
    </p>
   </div>
  </div>
 </body>
</html>
