1936 3306
167 171 198 208 nu
215 168 336 208 onnrrnnn
352 169 473 210 nnsnnuru
489 171 646 222 snnnronum,
661 173 714 213 nro.
794 165 839 218 alt

71 250 98 296 Ξ.
122 246 252 309 preterea,
265 248 368 306 terem„
387 247 445 310 llll,
462 247 543 298 dieitur
560 265 566 299 z
583 250 633 300 «Si
650 251 738 303 steterit
751 251 840 320 llorsas

39 321 63 368 et
73 317 165 368 Samuel
180 331 255 368 eoram
264 331 315 379 me,
326 331 372 369 nou
387 322 421 369 est
432 319 506 369 anima
518 333 570 371 mea
580 323 608 372 ad
617 324 726 386 populun
735 322 813 376 istum.
824 342 839 373 n

37 391 100 452 lingo
113 389 188 440 saneti
201 401 250 464 nou¹
261 403 351 456 semper
365 390 524 466 erauiiuntnr,
535 390 587 442 cim
600 405 642 458 pro
656 393 722 447 nobis
732 399 796 445 orant
812 397 841 447 al

37 461 139 514 ileum.¹

69 539 94 585 3.
108 533 237 596 praterea,
248 533 322 586 sancti
335 533 359 586 in
372 533 447 600 patria
458 533 557 599 equales
571 535 657 601 angelis
666 535 708 585 liei
722 535 839 602 licuntur,

35 611 59 657 nt
74 610 141 672 patet
158 606 261 664 llotlb„
278 604 348 658 llllll.
366 605 410 658 Sed
426 606 502 669 angeli
521 620 568 659 non
581 621 671 673 semper
683 609 837 660 exaudiuntur

35 679 59 730 in
75 678 126 729 suis
143 675 296 744 orationibus,
312 692 369 742 quas
389 678 487 728 fundunt
504 679 616 730 albeum
633 695 638 729 :
659 682 719 746 quod
734 685 798 745 patet
812 692 840 731 ex

35 753 81 803 boc
90 751 152 816 quod
164 749 260 802 babetur
272 751 386 800 Danielis
397 751 426 814 ll,
441 751 588 801 ubidicitur:
600 769 613 799 u
623 751 670 814 Ego
685 753 737 803 veui
747 755 839 818 propter

36 835 157 874 sermones
167 826 218 872 tuos
235 844 241 872 ι
257 823 363 888 princeps
376 825 453 872 autem
466 821 530 886 regni
543 823 662 874 Persarum
680 824 768 876 resistit
781 825 838 875 mibi

36 894 121 958 uiginti
143 895 226 956 etuno
245 893 332 945 diebus.
353 895 433 944 »Non
454 897 528 944 alutem
549 899 641 946 venerat
654 895 679 946 in
698 895 838 960 adjutorium

35 965 127 1020 Danieli
143 966 251 1029 angelus,
269 967 307 1030 qul
321 966 467 1030 loquebatur,
481 966 527 1016 nisi
540 966 554 1018 b
568 967 613 1018 beo
626 967 780 1019 liberationem
796 983 838 1035 pe·

36 1039 123 1102 teudo,
143 1040 166 1088 et
186 1040 262 1088 tamen
275 1041 311 1087 est
323 1036 431 1101 impedita
450 1037 558 1088 orationis
579 1040 629 1103 ejus
644 1039 756 1104 impletio.
777 1041 836 1106 llrgo

9 1143 10 1148 κ
35 1123 79 1162 nen
100 1109 171 1162 etiam
185 1109 225 1160 alii
241 1109 313 1162 saneti
326 1122 366 1174 pro
387 1109 451 1161 nobis
465 1114 557 1162 orantes
572 1113 632 1176 apul
646 1113 717 1162 beum
724 1149 733 1176 ,
748 1125 838 1177 semper

34 1181 199 1236 exaudiuntur.
473 1233 475 1238 ,

66 1259 93 1306 l.
104 1257 240 1317 ‘Praelerea,
258 1255 393 1320 quicumque
415 1255 516 1308 oratione
542 1254 648 1321 impetrat
668 1255 767 1321 aliquid,
781 1269 839 1320 quo·

34 1327 159 1380 dammodo
176 1330 274 1378 meretur
285 1326 349 1377 illud.
367 1328 411 1378 Sel
426 1327 501 1378 saneti
520 1326 626 1392 quisunt
642 1327 667 1378 in
684 1329 773 1392 patria,
791 1342 838 1380 non

34 1402 91 1451 sunt
104 1400 130 1450 in
139 1401 199 1452 statu
213 1398 323 1450 merendi.
338 1400 395 1462 llrgo
409 1413 456 1451 non
468 1402 565 1464 possunt
575 1399 624 1450 suis
641 1399 781 1451 orationibus
795 1400 836 1450 ali-

35 1471 93 1536 quid
107 1471 174 1522 nobis
188 1471 309 1535 impetrare
327 1472 385 1536 apud
399 1469 479 1526 Deum.

69 1549 94 1594 b.
110 1545 225 1594 Praeteren
232 1577 241 1605 ,
253 1541 326 1593 sancti
334 1555 374 1606 per
382 1542 458 1593 emula
470 1542 613 1594 conformant
620 1544 758 1595 uoluntatem
772 1555 837 1594 snam

34 1614 152 1674 voluntati
169 1614 260 1666 divine.
281 1615 340 1680 Ergo
363 1628 409 1666 uon
429 1614 508 1665 volunt
528 1615 572 1666 nisi
588 1617 646 1681 quod
672 1615 746 1666 sciunt
765 1617 837 1668 Deum

34 1689 106 1741 velle.
117 1687 165 1738 Sed
177 1686 253 1737 nullus
265 1686 367 1738 oratnisi
376 1687 434 1750 quod
449 1685 497 1736 vult
512 1701 518 1736 :
532 1699 585 1749 ergo
599 1700 644 1737 non
656 1690 720 1738 orant
737 1686 780 1739 nisi
795 1701 836 1754 pro

35 1759 141 1824 eoquod
161 1759 235 1810 sciunt
254 1759 324 1808 ileum
337 1758 404 1810 uelle.
423 1758 467 1810 Sed
484 1759 528 1808 boc
545 1759 606 1821 quod
619 1759 679 1809 bens
692 1760 755 1822 vult,
773 1759 837 1812 fleret

35 1831 108 1882 etiam
121 1829 179 1893 ipsis
192 1829 278 1881 sanetis
291 1843 336 1880 non
352 1829 488 1880 orantibus:
503 1843 557 1895 ergo
571 1843 649 1884 eorum
664 1830 779 1882 orationes
790 1844 837 1883 non
857 1833 862 1840 ’

35 1907 92 1954 suut
108 1902 215 1954 elfieaees
231 1903 258 1952 ad
272 1901 358 1966 aliquid
372 1901 551 1966 impetrandum.

69 1981 93 2024 6.
108 1975 235 2036 Praeterea,
248 1973 359 2025 orationes
368 1973 439 2025 totius
449 1975 548 2026 caelestis
566 1974 650 2038 curie,
665 1975 685 2026 si
696 1976 781 2040 aliquid
791 1975 834 2026 im-

36 2051 128 2110 Jrelrare
142 2047 251 2108 possunt,
262 2045 402 2096 efficaciores
410 2050 485 2109 essent
498 2045 566 2110 quim
575 2046 650 2098 omnia
664 2048 784 2111 praesentis
793 2049 837 2097 Ee-

35 2119 113 2170 elesiae
127 2117 241 2180 suffragia.
251 2115 298 2167 Sed
309 2117 461 2182 multiplicatis
474 2117 593 2181 presentis
604 2117 712 2170 Ecclesia
724 2119 837 2182 snilragiis

35 2191 104 2242 laetis
119 2202 160 2253 pro
173 2189 249 2252 aliquo
261 2189 286 2239 in
296 2189 427 2253 purgatorio
437 2189 560 2253 existente,
571 2190 671 2242 totaliter
683 2191 837 2241 absolveretur

36 2261 144 2326 bpoena.
165 2259 223 2311 Gbm
239 2273 291 2325 ergo
305 2261 379 2311 sancti
397 2261 436 2326 qni
454 2262 544 2312 suntin
559 2261 633 2324 patria
651 2261 730 2312 eadem
749 2260 836 2313 rollone

37 2336 104 2384 orent
123 2345 164 2396 pro
183 2331 229 2382 illis
242 2333 281 2396 qni
295 2335 348 2383 slnt
362 2332 386 2382 in
399 2333 543 2397 purgatorio,
555 2333 615 2383 sieut
627 2335 650 2382 et
666 2345 707 2398 pro
720 2333 802 2396 uobis,
815 2335 835 2384 si

36 2404 105 2456 nobis
119 2403 202 2469 aliquid
214 2404 349 2468 impetrant,
363 2408 418 2456 tune
433 2401 484 2456 ilios
497 2405 536 2469 qui
551 2406 603 2455 sun
617 2404 641 2454 in
653 2403 783 2468 purgatorio
800 2409 835 2456 to·

36 2477 115 2529 taliter
131 2477 242 2529 orationes
252 2491 328 2530 eorum
338 2475 357 2528 ‘i
369 2491 435 2543 paena
450 2477 603 2533 absolverent.
615 2475 679 2536 Quod
693 2475 775 2527 laisum
790 2482 833 2542 est,

38 2549 93 2613 quia
106 2548 256 2614 slesullragia
273 2549 379 2601 Eeelesie
400 2560 442 2614 pro
460 2548 572 2600 defunctis
591 2547 650 2599 laeta
672 2549 786 2612 sup'erllua
800 2562 835 2602 es-
869 2595 871 2604 ,

39 2623 102 2671 sent.
550 2632 557 2639 ’

70 2691 116 2743 Sed
132 2693 209 2743 eontra
224 2695 273 2756 est,
285 2691 343 2756 quod
357 2691 491 2742 babeturll.
507 2690 630 2747 Maelab,
645 2693 686 2742 ult.
704 2691 787 2742 :ullle
801 2696 838 2744 est
941 2700 955 2740 ‘t

41 2763 80 2828 qui
93 2761 191 2814 nullium
204 2768 253 2814 oral
266 2777 307 2830 pro
325 2763 417 2830 populo,
433 2767 457 2815 et
472 2762 580 2812 uniuersa
589 2765 667 2813 sancta
678 2763 783 2825 ciuitate,
797 2765 836 2815 Je-
934 2825 938 2830 ¹

41 2834 125 2885 uenies
141 2836 250 2902 propbeta
259 2833 308 2886 bei.
318 2851 332 2882 n
342 2835 372 2886 lit
384 2837 442 2900 quod
453 2833 503 2898 ejus
513 2833 584 2884 oratio
595 2833 624 2883 sit
637 2833 757 2898 exaudita,
772 2839 836 2900 patet

43 2917 83 2970 per
96 2905 141 2957 boo
155 2907 214 2970 quoi
229 2905 345 2972 sequith
363 2907 422 2970 quod
436 2903 538 2957 extendit
552 2904 660 2956 lerenius
674 2905 836 2967 dexteramei
