1936 3306
274 231 305 270 us
322 229 463 272 spumosus
476 233 636 274 nonruoeorr·
808 231 854 278 oon

340 415 500 469 samuelus
514 417 562 470 lul.

95 541 185 587 Utrum
196 541 314 598 suffrupto
322 541 419 588 valeant
434 542 516 599 peeoris
529 542 639 590 intimos
652 546 814 594 existentium.

81 669 116 720 td
132 667 256 732 septimum
267 667 300 718 sio
315 667 455 730 proceditur.
467 667 561 719 Videtur
571 669 631 733 qubd
646 672 753 737 suffragiu
765 677 855 729 valeant

47 741 128 804 pueris
143 741 168 790 in
182 740 252 791 limbo
265 739 423 791 existentibus.
439 740 496 799 Quin
509 740 541 791 ibi
553 755 599 793 non
610 743 750 810 detinentur,
758 747 802 799 nisi
812 764 854 814 pro

48 816 147 878 peceato
173 812 256 864 abeno.
279 813 338 876 Ergo
355 811 453 863 maximo
476 813 559 863 doeens
579 818 615 865 est
636 819 662 866 ut
679 816 725 881 ipsi
744 819 855 883 juventur

50 884 172 949 suffragiis
186 883 276 936 alienis.

80 962 105 1008 2.
124 958 255 1017 Preietos,
269 955 294 1006 in
303 955 380 1008 littura
393 957 428 1022 (ut
441 956 513 1022 prius)
523 959 621 1010 habetur
633 972 662 1011 ex
673 961 748 1013 uerbis
763 964 866 1029 Augus-¹

48 1027 107 1087 tini,
125 1025 188 1094 quod
199 1043 213 1075 u
224 1025 330 1079 boolesim
342 1028 449 1092 suffragiu
462 1043 504 1094 pro
518 1043 563 1082 uon
579 1031 645 1082 ualde
658 1033 725 1084 melis
739 1035 855 1101 propitiu-

48 1101 124 1152 tiones
140 1103 204 1151 sunt.
220 1115 234 1147 n
249 1099 294 1150 Sed
307 1099 373 1164 pueri
387 1113 433 1151 non
445 1105 604 1166 eomputuntur
617 1103 677 1153 inter
688 1105 756 1156 valde
771 1108 852 1170 mulos,

47 1171 100 1221 oium
122 1171 156 1224 sit
167 1170 288 1222 mitissima
308 1183 384 1222 eornm
401 1185 478 1236 poenn.
494 1173 554 1237 Ergo
566 1173 675 1238 suilrsgia
689 1176 797 1230 Eoolesim
814 1193 855 1231 eos

46 1242 140 1305 jurant.

77 1316 126 1367 Sed
141 1318 222 1365 eontra
236 1318 285 1377 est,
299 1314 361 1378 quod
374 1313 470 1366 nubem
483 1315 507 1365 in
519 1316 595 1368 littera
611 1316 655 1382 (ut
668 1316 750 1382 prius)
765 1320 792 1370 ab
807 1322 852 1384 llu-v

49 1378 160 1449 pustino}
174 1384 234 1450 qudd
250 1400 264 1433 n
278 1385 382 1448 suffragio
394 1398 440 1437 nou
453 1389 548 1450 prosunt
560 1386 606 1439 illis
620 1387 722 1452 quisine
736 1389 781 1441 ilde
794 1403 853 1456 ope·

51 1460 114 1508 rante
134 1469 179 1522 per
193 1455 338 1507 dilectionem
356 1457 409 1507 bino
425 1457 538 1509 exierunt.
558 1474 572 1506 n
588 1457 632 1510 Sed
645 1459 710 1524 pueri
724 1462 767 1512 boo
786 1465 853 1517 modo

51 1529 168 1580 exierunt.
183 1527 241 1591 Ergo
252 1528 404 1592 suffraginem
421 1540 467 1580 non
482 1535 587 1592 prosunt.

82 1599 247 1664 (Concuusro.
258 1625 289 1637 -
300 1598 355 1651 cum
370 1613 412 1664 per
421 1599 526 1665 suffragia
538 1601 643 1652 urorum
659 1605 734 1655 status
748 1607 854 1657 mortuo-

51 1683 99 1720 rum
118 1669 206 1722 mutari
217 1682 262 1721 non
281 1671 362 1736 possit,
377 1672 417 1722 illu
431 1671 507 1736 pueris
521 1672 546 1722 in
559 1672 628 1724 limbo
648 1673 798 1727 existentibus
808 1691 854 1729 non

51 1747 164 1807 prosunt,
179 1743 203 1792 iu
219 1742 301 1807 quibus
314 1746 427 1807 oporteret
440 1748 465 1794 ut
478 1747 550 1795 slatus
564 1747 688 1796 mutaretur
701 1751 811 1810 quantum
825 1749 853 1800 ud

52 1816 162 1866 mentum
180 1813 309 1866 essentialis
322 1813 418 1879 premii.
434 1815 444 1878 )

81 1887 222 1952 Respondeo
241 1886 376 1947 dicendum,
389 1887 450 1950 qubd
465 1887 530 1952 pueri
550 1901 596 1938 non
609 1889 717 1954 baptizati
737 1903 782 1943 non
796 1891 854 1943 deti·

53 1965 137 2011 nentur
151 1958 175 2008 iu
184 1958 270 2022 limbo,
282 1959 326 2009 nisi
337 1959 390 2024 queis
404 1958 513 2010 definiunt
524 1959 538 2009 tl
548 1963 609 2010 statu
622 1961 714 2026 grstiae3
727 1964 787 2014 unde
802 1962 854 2012 oium

30 2027 92 2092 ‘per
115 2043 189 2096 opera
214 2027 331 2098 uiuorum,
346 2033 484 2080 mortuomm
506 2033 580 2081 elutus
601 2031 683 2081 mutari
706 2045 753 2084 uon
781 2033 855 2097 possit

56 2101 174 2165 (maxime
188 2101 297 2165 quantum
309 2103 336 2152 ad
350 2103 455 2152 meritum
465 2102 593 2154 essentialis
602 2103 691 2168 premii
702 2106 739 2156 uel
752 2109 852 2168 poene),

57 2175 167 2239 suffragia
188 2174 292 2224 uiuorum
306 2175 383 2240 pueris
396 2175 419 2224 in
434 2174 503 2225 limbo
518 2177 669 2228 existentibus
682 2176 790 2241 prodesse
808 2189 854 2228 uon

56 2253 164 2312 possunt.

85 2324 120 2374 nd
134 2321 235 2385 primum
250 2331 304 2384 ergo
313 2319 445 2384 dicendum,
461 2321 521 2385 quod
537 2322 640 2385 quamuis
655 2323 773 2386 peecatum
787 2321 855 2384 origi-

56 2397 106 2446 uele
121 2393 153 2444 sit
163 2391 303 2456 hujusmodi,
321 2391 381 2455 qurbd
395 2405 436 2456 pro
448 2405 476 2443 eo
490 2394 563 2458 possit
574 2394 657 2458 aliquis
671 2393 699 2443 ab
716 2392 760 2442 olio
769 2394 853 2456 lunari,

57 2469 132 2517 tumen
146 2463 228 2514 anime
240 2476 359 2528 puemmm
375 2463 399 2513 in
410 2463 480 2515 limbo
493 2467 630 2529 existentes,
642 2468 695 2514 sunt
709 2463 734 2513 in
742 2463 782 2514 tuli
794 2467 855 2515 statu

57 2538 113 2600 qubd
127 2534 204 2601 jurunri
214 2549 260 2586 non
271 2535 374 2600 possint,
384 2535 436 2599 quia
446 2541 498 2600 post
506 2539 565 2587 bano
575 2537 643 2588 uitem
654 2549 701 2588 non
713 2539 749 2586 est
762 2539 855 2600 tempus

57 2609 149 2672 gretiam
165 2606 307 2671 acquirendi.

84 2684 117 2733 ild
133 2680 258 2733 secuudum
275 2679 407 2743 dicundum,
423 2680 482 2744 qubd
501 2680 639 2744 Augustinus
654 2681 753 2746 loquitur
767 2682 794 2732 de
809 2695 855 2731 non

57 2755 120 2805 uulde
142 2751 221 2814 malis,
236 2751 276 2815 qui
296 2755 374 2802 tumen
389 2753 499 2816 baptizali
520 2756 588 2816 snut3
605 2755 663 2815 quod
682 2756 745 2816 patet
763 2765 791 2802 ex
811 2753 855 2802 hoo

58 2825 113 2888 quod
130 2823 298 2888 premittitur:
316 2839 330 2871 n
347 2823 403 2874 Cium
426 2837 480 2888 ergo
499 2825 609 2874 sacrificiu
628 2823 676 2874 siue
697 2823 789 2886 altaris,
805 2822 855 2872 siue

59 2908 249 2960 quarumcumque
270 2896 465 2961 eleemosynarum
480 2909 521 2960 pro
542 2896 660 2961 baptizatis
675 2895 779 2946 omuibus
793 2893 854 2943 olle·

59 2972 144 3032 runtur,
156 2971 226 3020 eto.»
475 2985 479 2993 ·
