1924 3322
202 209 233 246 cr
251 207 355 246 recurro
373 213 389 247 ι
405 209 454 253 ono
470 199 699 250 ucsunnrcrronrs.'
796 203 840 250 tte

26 281 237 334 immortalitatem.
260 286 317 349 Ergo
338 287 415 346 Deus,
430 286 470 349 qui
487 291 522 336 est
543 285 633 337 summe
654 285 764 351 sopiens,
778 290 838 340 hanc

26 355 84 406 mem
102 354 181 420 eliget
204 356 229 406 in
246 357 283 408 tris
305 358 344 423 qni
363 357 411 407 rivi
432 359 590 423 inveniendum
603 361 627 409 ct
646 359 679 410 sic
699 359 770 410 idem*
783 363 842 424 quod

25 427 99 490 pruris·

54 499 101 550 Sed
116 503 214 562 contre,
227 501 245 549 1.
263 500 332 556 Cor„
348 501 389 550 Xti
406 515 438 549 ιιι
446 501 510 559 Quod
525 500 635 562 seminus,
651 514 698 552 non
711 501 841 557 uiriticetur

24 570 67 621 nisi
90 569 162 635 priirs
182 571 308 634 morictnr3
325 589 338 620 c
354 575 377 621 et
395 572 496 634 loquitur
516 572 557 621 suh
580 569 729 624 similitudine
746 573 842 623 seminis

25 643 52 693 de
70 643 254 696 resurrectione
267 657 395 708 corporum.
415 645 475 707 Ergo
493 655 588 707 corpore
602 643 614 693 ιι
627 647 701 694 morte
712 650 842 709 resurgent.

63 713 204 775 Preterea,
219 715 240 763 1.
255 715 378 770 carecti..
395 715 436 764 XV
455 729 461 764 ι
476 731 489 760 ιι
500 713 563 764 Sicut
576 713 600 764 in
615 715 686 766 idem
698 728 779 766 omnes
793 729 842 766 mo·

25 784 125 848 ciuntur,
135 785 172 835 ite
182 790 206 836 et
215 785 240 835 in
254 786 345 836 Christo
357 799 437 836 omnes
445 785 629 836 vivificabuntur.
640 803 654 832 o
663 785 707 836 Sed
718 787 741 836 in
752 787 842 838 Christo

27 867 106 906 omnes
120 857 314 908 vivificabuntur.
329 857 388 922 Ergo
399 857 424 907 in
442 859 514 908 ddum
523 871 603 910 omnes
618 858 757 922 morientum
772 863 794 910 et
809 859 842 909 sic

27 927 170 978 resurrectio
187 927 290 978 omnium
304 929 347 979 erit
363 927 472 978 tmortc.

55 999 224 1056 tConccnsro.
240 1001 337 1059 -Quie
357 1013 437 1051 omues
455 1002 562 1052 homines
578 1001 618 1052 [tei
637 1001 751 1054 sententie
773 1003 840 1052 morti

28 1069 158 1133 adiudicati
174 1075 230 1122 sunt
244 1077 336 1136 propter
351 1077 489 1136 peccatum,
504 1077 528 1123 et
546 1072 664 1138 Scriptura
681 1077 777 1124 testetur
794 1087 844 1124 cm-

26 1138 88 1192 niunt
109 1143 306 1193 resurrectionem
319 1143 369 1193 iore
388 1145 450 1207 tque
468 1143 518 1194 iteri
540 1157 586 1193 non
606 1147 696 1207 potest,
713 1144 758 1194 nisi
778 1143 842 1210 prius

25 1222 107 1263 omnes
120 1213 273 1275 moriuntur)
288 1218 311 1263 ct
325 1213 399 1264 ordini
414 1213 499 1264 nature
509 1215 633 1276 convenit,
645 1218 674 1263 ut
687 1215 745 1264 nihii
758 1215 783 1264 iu
800 1228 841 1265 no-

26 1283 124 1335 vitatem
144 1285 270 1336 reduntur
296 1285 341 1336 nisi
360 1299 401 1350 per
421 1287 607 1350 corruptionem,
624 1285 780 1338 necessarium
807 1291 843 1336 est

27 1353 94 1405 sutem
104 1369 194 1408 omnes
210 1357 330 1408 morituros
345 1361 368 1408 et
381 1357 480 1416 emcrte
496 1363 663 1409 resurrecturos
677 1370 736 1409 esse.

58 1428 204 1494 Respondeo
216 1430 349 1496 dicendum,
361 1429 421 1494 quod
435 1443 504 1494 super
520 1432 564 1481 trec
582 1431 708 1494 questione
722 1430 785 1482 cerie
803 1432 841 1482 lo-

30 1505 135 1561 quuntur
152 1500 278 1562 sancti,·ut
287 1501 311 1550 in
325 1502 401 1552 littera
420 1503 483 1566 patet
498 1502 541 1564 (tv
556 1502 665 1552 Sentent.
682 1502 721 1551 ubi
734 1499 839 1566 supri);

30 1572 107 1622 tamen
120 1572 229 1624 securior
241 1576 277 1622 est
290 1574 340 1624 trec
349 1576 372 1623 et
385 1574 527 1624 communior
535 1569 623 1636 opinio,
634 1573 694 1636 qnod
703 1584 782 1644 ornnes
791 1585 839 1623 mo·

30 1641 118 1692 rientur
135 1647 161 1694 et
174 1643 270 1695 'amone
283 1649 413 1710 resurgere
423 1647 446 1696 et
456 1646 501 1696 hoc
515 1648 609 1708 propter
619 1645 672 1694 trie.
684 1643 775 1706 Primo,
788 1645 840 1708 quia

33 1714 105 1778 mcm's
123 1717 250 1766 coneordat
264 1716 347 1767 divine
357 1716 453 1779 iustitie
463 1755 470 1777 ‚
481 1730 533 1780 que
546 1718 670 1766 humanam
683 1719 785 1765 naturam
799 1729 840 1780 pro

33 1790 127 1845 nemete
145 1786 215 1852 prirni
235 1787 337 1851 parentis
358 1787 493 1848 damnarit,
508 1790 534 1837 ut
556 1785 691 1850 omnesqui
707 1791 839 1850 peractum

34 1858 202 1914 caturcetim
216 1857 326 1922 originem
338 1859 454 1920 ducerent,
465 1857 614 1908 iniectionem
629 1858 744 1921 originalis
754 1859 852 1923 pcccati·

36 1931 213 1993 contraherent,
224 1934 247 1980 et
262 1943 303 1994 per
315 1943 458 1995 consequens
472 1932 552 1993 mertis
569 1930 684 1982 debitores
698 1933 784 1980 essent.
799 1929 844 1980 Se·

35 1998 110 2049 cundi
122 2035 128 2062 ,
144 2002 199 2064 quie
211 2003 283 2065 magis
295 2003 417 2053 concordet
428 2003 512 2054 divine
527 2003 664 2067 Scripturae,
676 2015 728 2064 que
738 1997 842 2051 omnium

37 2065 138 2120 futurum
163 2073 350 2124 resurrectionem
369 2074 486 2138 predicit;
502 2073 637 2125 resurrectio
656 2069 733 2123 nutem
751 2069 843 2135 proprie

38 2149 83 2188 nou
98 2148 135 2193 est
154 2144 199 2194 nisi
214 2161 228 2191 u
244 2144 295 2208 ejus
308 2145 368 2208 quod
383 2145 465 2196 cecidit
478 2148 502 2195 et
516 2146 651 2196 dissolutum
670 2148 707 2196 est
716 2183 723 2204 ,
732 2161 746 2191 ι)
758 2147 784 2192 nt
798 2143 843 2192 nc-

38 2221 160 2266 rncecenus
173 2215 229 2266 dicit
240 2217 288 2280 (ubi
304 2215 391 2280 cupri).
407 2217 494 2280 Tertio,
503 2217 557 2280 quin
571 2218 642 2281 magis
656 2217 778 2266 concordat
790 2227 843 2264 curn

40 2281 118 2336 ordine
129 2291 228 2350 nature,
236 2289 261 2338 iri
272 2301 317 2354 quc
327 2289 458 2339 invenimus
472 2288 532 2353 qrrtd
542 2287 599 2338 ittud
608 2287 667 2352 quod
681 2289 811 2350 corruptum
822 2289 844 2334 et

40 2351 145 2408 drictum
153 2363 198 2420 est,
207 2360 231 2408 iu
243 2361 442 2412 suemnoritutem
453 2373 499 2410 non
510 2357 689 2422 retentandis
701 2355 844 2419 corruptione

39 2427 170 2491 mediante,
190 2431 249 2482 sicut
263 2437 351 2482 acetum
370 2445 416 2483 non
431 2431 456 2482 ιιι
468 2432 565 2492 uinum,
583 2427 629 2479 nisi
643 2433 707 2480 aceto
721 2429 844 2490 corrupto,

42 2497 63 2543 et
78 2496 102 2548 in
112 2501 231 2554 humorem
246 2503 300 2554 ritis
314 2507 449 2555 transeunte
461 2519 466 2552 :
480 2499 599 2552 undecim
612 2505 694 2552 nature
707 2499 807 2548 humane
820 2496 845 2545 in

42 2564 154 2622 deiectum
166 2575 310 2626 necessitatis
325 2575 436 2626 moriendi
450 2569 583 2632 devenerit,
598 2585 645 2622 non
662 2571 705 2621 erit
715 2569 801 2622 reditus
814 2570 842 2619 ed

43 2635 237 2697 immortalitatem
246 2685 254 2712 ,
270 2648 314 2699 nisi
329 2648 444 2700 mediante
460 2651 542 2698 morte.
556 2645 669 2695 Conterit
688 2645 757 2695 ctiam
773 2641 847 2692 ordini

44 2713 129 2767 nature
142 2722 235 2782 prepter
248 2719 315 2769 etiem
333 2720 442 2770 rationem
457 2735 461 2768 :
477 2717 531 2782 quie
543 2720 570 2766 ut
588 2716 613 2766 in
627 2717 678 2766 Viti
694 2715 794 2781 Physic.
809 2711 848 2762 di-

46 2779 142 2854 cituco
155 2793 233 2840 metus
246 2791 298 2841 cccii
310 2795 346 2840 cst
358 2795 384 2840 ut
393 2791 441 2841 rita
454 2791 559 2853 quedem
574 2789 655 2840 neturt
663 2787 768 2839 omnibus
785 2783 846 2835 exis-

48 2851 159 2922 tentibus,
169 2877 184 2909 u
196 2861 256 2911 sicut
271 2861 340 2912 etiem
352 2866 426 2912 metus
439 2860 523 2924 cordis,
534 2859 607 2912 totius
618 2859 717 2925 corporis
727 2857 775 2906 rite
787 2867 849 2918 que·

49 2921 98 2976 dam
118 2935 162 2982 est.
183 2931 247 2983 Unde
269 2934 328 2985 sicut
341 2939 445 2986 cessante
463 2937 526 2983 motu
544 2933 633 2994 cordis,
651 2931 728 2983 omnin
748 2927 818 2977 merri
829 2938 845 2942 ’·
