1954 3314
137 142 181 190 ⁴88
257 155 459 201 surrusrrsuuurr,
474 153 568 194 ourrsr.
585 151 683 200 rnxxrv,
700 152 755 188 sur.
776 153 812 188 ru.

134 229 188 284 diuo
199 243 265 280 suam
281 241 386 290 ausam,
403 227 437 277 sic
447 227 492 278 erit
501 227 526 278 iu
536 241 583 277 uuo
594 227 668 290 major
675 226 742 290 quaro
757 226 782 276 in
800 227 855 277 aiio.
863 225 936 276 Causa

135 305 210 350 autom
225 301 277 362 eius
291 307 326 350 cst
340 298 463 349 dominium
484 297 565 350 animae
579 310 648 361 super
660 311 758 362 corpus,
773 299 836 362 quoi
845 297 937 361 quidem

135 371 260 422 dominium
276 374 381 422 causatur
396 383 425 420 ex
437 371 481 418 hoo
496 369 556 432 quod
570 369 619 432 ipsu
640 367 715 418 anima
731 367 817 419 fruitur
829 368 879 418 neo
899 368 938 415 irn-

136 440 266 492 nrobiiiterr
280 443 339 492 unde
351 441 374 490 in
385 441 425 492 ilio
436 441 476 505 qui
485 441 611 504 perfectius
619 439 711 498 fruitur,
718 445 754 490 cst
765 441 839 504 major
850 440 936 505 impas-

146 513 249 563 ibilitatis
259 525 337 562 causa.

168 583 310 646 adprimum
327 591 382 646 ergo
404 583 537 638 risendim,
552 581 613 646 quot
632 582 711 632 Glossa
730 581 769 632 iila
785 583 889 646 loquitur
910 581 934 630 de

135 653 319 717 impassibilitate
335 653 459 704 secuudum
475 667 509 715 se,
524 657 547 702 et
562 665 607 703 nou
620 651 744 702 secuudim
756 665 848 704 ausam
860 665 931 703 uram.

167 725 199 774 Ad
213 725 336 774 secundum
353 725 472 774 dicendum
483 761 489 783 ,
501 723 561 787 qrrod
578 722 682 786 quamuis
695 723 830 786 negationes
852 729 880 774 et
893 723 934 784 pri-

134 795 235 846 vationes
255 796 378 846 secuudum
399 809 424 846 se
440 809 485 846 non
504 795 652 846 intendantur
672 807 716 844 nec
733 794 892 854 remittantur,
905 803 933 844 ta·

134 879 186 916 meu
199 865 348 916 intenduntur
361 871 384 916 et
398 865 543 916 remittuntur
564 879 593 915 en
609 864 684 914 causis
693 863 742 914 suis
758 879 764 913 :
780 865 841 914 siout
854 865 932 914 dicitur

134 949 183 986 esse
197 937 261 987 locus
275 939 347 1000 magis
362 937 496 987 tenebrosus
507 973 515 998 ‚
528 936 567 998 qui
582 935 653 984 hahet
663 935 727 1000 plura
743 939 768 984 et
781 935 869 998 majora
883 937 931 986 uis·

134 1008 207 1056 iacula
217 1007 284 1058 lucis.

164 1080 195 1128 rid
210 1079 300 1132 tertium
313 1079 453 1138 dicendum,
468 1076 529 1141 quod
540 1079 615 1140 aliqua
631 1090 678 1128 nou
697 1075 770 1127 solim
781 1076 932 1134 intenduntur

134 1164 175 1214 per
185 1163 301 1200 recessum
315 1150 328 1200 i
341 1150 470 1208 contrario,
482 1151 523 1200 sad
543 1149 612 1199 ctiam
626 1161 668 1213 per
680 1160 798 1200 accessum
813 1152 839 1198 et
851 1149 932 1200 terni-

135 1221 187 1270 uuui
206 1222 264 1272 sicut
278 1223 315 1271 lux
332 1222 467 1272 intenditur.
479 1221 509 1270 ut
525 1225 658 1286 propterca,
674 1220 743 1270 etiam
761 1219 931 1283 impassibilitas

135 1298 170 1343 est
183 1293 255 1356 major
264 1293 291 1342 iu
306 1305 351 1342 uuo
365 1291 432 1356 quim
443 1292 466 1342 iu
478 1291 523 1341 aiio
534 1313 545 1350 ‚a
554 1292 658 1354 quamvis
671 1289 695 1339 iu
704 1291 769 1340 nulio
779 1290 869 1354 aliquid
885 1305 931 1354 pas·

135 1363 249 1414 sibiiiiatis
262 1367 386 1413 remaneat.

427 1479 583 1530 auricomis
596 1479 636 1528 itt.

139 1603 223 1649 Uirium
240 1603 420 1661 impassibilitas
434 1615 528 1710 renent?
541 1602 640 1708 zlesiae
651 1599 811 1658 immitto
825 1603 930 1660 gloriosis

473 1677 539 1710 sareu
585 1695 591 1707 .

167 1795 199 1842 iu
210 1794 302 1843 tertium
315 1791 500 1855 sioprooeditur.
513 1790 607 1840 Videtur
619 1789 680 1854 quod
692 1790 867 1854 impassibilitas
880 1807 918 1844 seu

135 1877 184 1913 sum
196 1864 221 1912 in
237 1868 288 1912 actu
303 1863 316 1912 i
329 1863 460 1926 corporibus
473 1861 578 1926 gloriosis
594 1861 708 1912 excludat.
722 1862 779 1920 Quia
795 1864 858 1916 sicut
877 1863 925 1916 dieii

134 1934 286 1997 Philosophus
299 1933 322 1983 iu
336 1933 357 1983 11
371 1935 407 1984 De
421 1935 507 1982 animo
523 1931 691 1997 (text.118),c‹
704 1933 790 1984 sentire
810 1938 846 1984 est
860 1934 924 1997 pnn-

134 2005 185 2056 osu
197 2004 253 2069 pati.
270 2020 283 2050 u
299 2005 399 2068 corpora
413 2007 489 2052 auteur
502 2004 601 2066 gloriosa
614 2007 681 2054 eruut
694 2003 856 2068 impassibiiia.
875 2007 925 2068 Ergo

133 2089 178 2126 nou
196 2075 295 2126 sentient
307 2075 333 2126 in
345 2078 406 2124 actu.

165 2152 188 2196 a.
202 2147 329 2208 Proteus,
343 2145 470 2198 immutatio
491 2146 601 2196 naturalis
619 2145 728 2210 praecedit
747 2144 924 2198 immutationem

134 2217 273 2277 animalem,
289 2215 348 2264 siout
366 2229 417 2265 esne
436 2217 537 2266 naturale
558 2217 666 2280 precedit
686 2231 736 2266 eece
756 2215 922 2268 intentiouaie:

134 2289 172 2338 sed
189 2299 282 2350 corpora
302 2286 412 2348 gloriosa,
427 2287 514 2338 ratione
538 2285 742 2350 impassibilitatis,
758 2299 805 2336 non
828 2288 924 2338 immuta·

133 2357 216 2408 buntur
228 2355 385 2410 immutatione
400 2358 506 2408 naturali.
521 2359 579 2421 Ergo
593 2358 807 2410 necimmutations
828 2359 923 2416 animati,

133 2444 183 2491 qua
206 2429 327 2493 requiritur
348 2431 546 2482 adsentiendum.

167 2505 189 2550 a.
205 2503 332 2558 Praeterea,
349 2502 537 2564 quandocumque
551 2502 576 2552 iit
588 2515 669 2557 seusus
681 2501 706 2552 in
719 2505 784 2560 actu,
799 2515 852 2554 oum
871 2514 922 2552 noua

133 2571 261 2632 receptione
274 2571 299 2621 fit
310 2584 393 2622 novum
409 2572 529 2636 judicium.
544 2572 588 2622 Sed
602 2573 633 2624 ibi
647 2587 692 2625 nou
706 2573 750 2622 erit
763 2585 850 2622 norrun
864 2573 920 2637 judi-

134 2641 208 2698 eiuro,
223 2641 276 2705 quia
294 2659 307 2690 u
319 2655 364 2692 uon
379 2648 446 2694 erunt
463 2643 494 2692 ibi
510 2643 657 2705 cogitationes
670 2643 807 2694 rotabiles»
825 2646 867 2708 (ut
879 2649 923 2694 iu·

133 2711 240 2769 gostinus
253 2712 335 2778 diuini
344 2716 401 2774 Ergo
416 2727 461 2763 uon
477 2713 516 2764 fiet
530 2714 562 2763 ibi
576 2727 659 2764 seusus
673 2716 697 2764 iu
711 2720 772 2764 aotu.

166 2782 434 2847 cinnomannico
452 2784 527 2834 anima
539 2787 573 2834 est
592 2785 615 2834 in
634 2790 686 2835 notu
702 2786 792 2836 intenso
809 2787 876 2838 unius
886 2799 921 2848 po

135 2851 210 2900 teatin
218 2886 226 2912 ,
241 2853 361 2904 reunittitur
374 2859 439 2904 actus
454 2854 547 2904 atterius
560 2854 677 2917 potentin.
695 2857 737 2906 Sed
752 2855 828 2906 anina
843 2856 922 2912 sumni
