1970 3326
147 213 176 258 88
291 219 492 269 snnrnnnsnnon,
509 219 601 265 eomer.
619 218 678 264 nav,
692 219 748 256 nnn.
766 219 802 256 ru.

177 297 312 361 Respondeo
329 296 463 360 dicendum,
482 295 557 359 qubrl,
574 295 634 345 sient
648 308 676 345 ex
696 294 760 344 dialis
773 297 845 358 patet,
862 296 913 345 art.
936 299 966 357 l,

146 369 279 432 erinjunetio
301 367 472 418 matrimonialis
490 367 516 416 nt
533 367 666 416 admodum
681 365 828 427 obligationis
846 365 870 414 in
899 381 970 417 eon-

146 439 254 490 traotibus
268 438 428 488 materialibus.
444 440 473 488 lit
482 437 534 501 qnia
549 437 677 488 materiales
687 440 818 488 oontraetns
831 450 880 488 non
901 453 969 502 pos·

146 513 200 558 sunt
215 509 277 572 ilari,
293 509 339 558 nisi
350 509 394 560 sibi
405 509 505 559 inuicem
517 509 657 572 uoluntatem
675 521 738 558 snam
753 508 827 558 uerbis
844 515 972 571 proruant

147 580 187 642 qui
204 585 345 630 contractum
363 579 463 641 faciunt,
476 579 528 630 ileo
543 579 612 630 etiam
633 582 722 643 oportet
738 578 799 644 qnbd
818 591 971 634 consensus

150 653 319 703 matrimonium
326 652 414 702 latiens
421 651 496 702 uerbis
507 652 655 715 exprimatur,
665 655 690 700 ut
701 651 818 715 expressio
826 653 970 705 uerborum

151 724 265 775 sehabeal
273 725 300 774 ad
309 723 486 786 matrimonium,
496 722 646 774 sirutablutio
654 724 752 774 exterior
761 724 788 773 ad
798 723 971 786 baptismum.

180 797 214 846 lid
233 795 331 858 primum
348 808 402 858 ergo
418 795 552 856 dicendum,
568 793 628 858 quel
647 793 672 844 in
691 797 745 848 uoto
758 796 855 845 nonest
869 795 967 860 aliqua

151 866 322 918 sacramentalis
343 866 466 930 obligatio,
484 867 524 916 sed
544 865 666 929 spiritualis
680 863 776 916 tantbm.
791 867 820 915 nt
836 865 895 916 ideo
915 883 972 921 non

152 941 243 1002 oportet
255 937 314 1000 quod
328 938 367 988 luat
378 939 407 990 ao
420 939 510 988 modum
524 937 673 988 materialium
685 941 851 1000 commacinum,
863 939 897 988 ad
917 943 973 994 boc

153 1008 213 1072 qubd
227 1009 327 1071 obliget,
342 1008 402 1059 sient
412 1013 447 1060 est
462 1011 489 1060 de
503 1009 655 1061 matrimonio.

184 1081 351 1131 Adseonndonr
364 1081 499 1142 dicendum,
516 1079 590 1143 quod,
608 1081 712 1146 quamvis
729 1081 786 1132 tales
799 1093 846 1132 non
862 1086 975 1145 possint

153 1155 206 1202 uota
224 1165 265 1202 sua
284 1151 364 1201 mutub
381 1152 456 1202 uerbis
469 1152 612 1216 exprimere,
628 1157 724 1218 possunt
737 1156 813 1203 tamen
826 1154 976 1216 exprimere

155 1223 257 1272 nutibus.
267 1224 295 1273 nt
308 1223 365 1274 tales
382 1228 452 1276 nutus
464 1235 505 1288 pro
517 1223 593 1274 uerbis
606 1228 773 1289 computantur.

184 1281 324 1344 bibentium
335 1295 463 1358 dicendum,
479 1295 550 1357 qubd,
559 1295 618 1344 sieut
628 1294 683 1345 dicit
693 1296 758 1358 lingo
769 1295 797 1346 do
809 1301 894 1348 saneto
908 1301 978 1354 Vie-

155 1369 220 1426 lore,
235 1378 275 1416 eos
295 1365 334 1429 qui
347 1365 523 1430 conjunguntur,
537 1367 570 1416 aie
584 1370 671 1430 oportet
688 1366 834 1426 consentire,
849 1373 879 1418 ut
901 1372 979 1425 iuvi-

157 1449 208 1486 cem
222 1449 247 1486 se
262 1436 389 1500 spontanee
402 1436 529 1500 recipiant3
545 1439 606 1500 quod
622 1437 736 1502 judicator
750 1437 800 1486 lieri
812 1437 837 1486 in
857 1441 978 1508 despon.

157 1507 246 1556 satione
252 1507 292 1569 ,si
309 1519 353 1558 non
367 1507 531 1558 contradicant.
551 1509 619 1560 Unde
632 1509 701 1560 uerba
720 1511 840 1572 parentum
861 1523 980 1580 eompu.

157 1581 243 1640 tantur,
260 1578 285 1627 in
295 1591 350 1629 oasn
358 1579 414 1642 illo,
429 1593 455 1630 ae
467 1579 488 1630 si
500 1583 579 1630 essent
591 1581 688 1646 puellae3
700 1589 754 1630 sunt
766 1579 827 1630 enim
837 1583 981 1641 sufficiens

158 1650 248 1713 signum
260 1649 321 1714 qobd
332 1655 385 1702 sunt
399 1653 464 1716 ejus,
479 1665 566 1717 exque
580 1665 627 1704 non
643 1652 785 1704 contradicit,

452 1831 611 1882 nnncnnbs
626 1831 665 1880 lit.

191 1957 276 2003 Uliam
293 1969 418 2004 consensus
431 1969 553 2014 expressas
567 1969 611 2014 per
625 1957 697 2002 verbo
714 1957 842 2014 desolare
854 1960 952 2014 seriae

463 2020 651 2065 matrimonium.

193 2153 227 2203 nd
238 2152 332 2203 tertium
342 2151 375 2202 sie
386 2151 523 2216 proceditur.
532 2151 626 2202 Videtur
633 2151 695 2214 qubd
704 2164 828 2204 consensus
836 2165 984 2221 expressus

160 2238 201 2290 per
213 2223 282 2274 rerba
294 2224 321 2274 de
338 2223 414 2274 loturo
423 2222 590 2273 matrimonium
600 2224 678 2274 faeiat.
690 2223 764 2286 Quia,
775 2224 833 2273 sieut
850 2239 878 2276 se
894 2232 984 2294 babet

159 2307 259 2359 praesens
273 2295 301 2346 ad
318 2307 435 2358 presens,
447 2295 479 2344 ita
493 2295 593 2344 tutorum
607 2295 635 2345 ad
646 2295 755 2344 lulurnm.
768 2295 811 2345 Seri
830 2309 984 2364 consensus

157 2379 199 2429 per
213 2367 284 2416 uerba
300 2367 329 2416 de
342 2365 451 2429 prasenti
464 2365 664 2429 expressns‚laeil
678 2367 846 2418 matrimonium
860 2368 889 2420 iu
905 2387 984 2438 prag.

158 2436 226 2486 senti.
241 2437 301 2500 Ergo
319 2449 445 2487 consensus
465 2449 587 2501 expressus
604 2450 645 2502 per
663 2439 731 2488 rerba
751 2439 779 2488 tle
798 2437 893 2505 loturo,
908 2448 984 2508 saep

155 2507 326 2558 matrimonium
340 2507 365 2557 in
377 2507 464 2559 loturo.

188 2584 213 2628 n.
223 2579 351 2643 Pratum,
362 2579 421 2631 siem
435 2580 460 2629 in
475 2579 624 2632 ‘matrimonio
640 2581 666 2630 lit
678 2583 781 2645 mundam
791 2582 909 2648 obligatio
927 2609 984 2659 pe„

155 2653 225 2703 uerba
236 2651 386 2715 exprimentia
398 2666 541 2716 eonsensum,
552 2654 585 2704 ita
597 2658 620 2705 et
632 2654 656 2702 in
670 2655 722 2705 eliis
733 2655 838 2706 ciuilibus
851 2667 984 2722 contexe.

154 2724 225 2774 libus.
246 2723 300 2785 Sed,
316 2723 341 2774 in
360 2724 411 2775 aliis
421 2726 582 2788 contractibus,
591 2740 638 2778 non
652 2727 728 2777 rlillert
737 2726 813 2777 nlrirm
828 2741 869 2791 por
888 2743 984 2798 uerba

156 2794 185 2844 de
206 2795 317 2859 prasenti
329 2796 367 2847 uel
380 2797 408 2848 de
430 2797 506 2848 lutnro
520 2797 628 2861 obligatio
640 2797 688 2847 liat.
703 2798 763 2861 Ergo
776 2810 819 2848 neo
839 2799 864 2848 iu
880 2814 984 2864 matri-

156 2866 232 2916 monio
248 2865 332 2917 differl.

188 2941 210 2987 a.
221 2937 347 3006 Praeterea,
359 2952 400 3006 per
414 2943 494 2992 uotum
505 2941 621 3006 religionis
632 2942 701 2994 bomo
710 2943 825 2993 contrabit
838 2949 984 3011 matrimo.
