1970 3326
824 74 830 104 l

86 175 122 222 ¹ld
242 181 551 230 sueruunrrruu,·cunsr.
567 181 622 230 nm,
639 179 694 218 ans.
711 179 748 218 iv,

93 273 146 310 nem
153 295 162 322 ,
173 262 209 310 eet
222 263 339 324 peccatum
358 257 458 308 veniale.
470 257 529 320 Ergo
544 259 610 306 actus
619 254 740 318 pradictus
752 267 798 306 uon
816 257 897 320 potest

91 342 143 382 esse
155 328 292 381 meritorius.

122 403 168 452 Sed
179 407 274 465 contra,
284 400 358 452 omnus
372 401 437 450 actus
450 411 496 463 quo
507 398 614 462 impletur
626 401 779 462 preceptum,
792 401 830 449 est
845 411 896 452 me·

91 473 196 535 ulterius,
210 472 230 522 si
245 487 273 522 cx
287 473 398 522 charitate
411 471 459 520 fiat.
472 471 515 520 Sed
535 472 600 520 actus
613 468 787 520 matrimonialia
804 473 840 520 est
850 471 896 528 hit-

88 545 207 608 jusmodi,
220 543 274 607 quia
285 542 367 593 dicitur
381 543 401 592 1.
417 542 489 602 Gom,
498 541 554 592 illl:
569 558 583 590 u
593 540 663 590 Uxori
674 540 709 590 uir
722 540 823 591 debitum
836 541 898 592 red·

91 615 140 666 dat.
154 631 169 662 r>
179 615 248 678 Ergo,
263 619 310 664 eto.
802 635 804 640 ·
940 665 948 682 ο

123 689 253 748 Praetereo,
268 684 344 735 omnis
362 687 427 734 actus
446 683 537 734 uirtutis
558 687 594 734 est
613 683 750 734 medtorins.
764 683 810 734 Sed
831 688 898 736 actus

91 757 213 820 pradictus
230 759 266 807 est
280 760 347 806 actus
357 755 473 819 justitia,
484 753 537 818 quia
550 751 634 805 dicitur
646 753 764 803 redditio
775 752 868 806 debiti.
881 769 897 802 u

91 829 152 890 Ergo
163 831 201 878 est
212 827 354 878 meritorius.
619 833 630 854 ’

124 899 284 962 (concursio.
294 924 325 934 —
335 898 405 948 lctus
417 896 593 948 matrimonialis
605 907 695 962 semper
704 896 833 947 meritorius
847 901 893 959 cst,

92 969 114 1020 si
124 969 151 1018 ad
162 969 237 1032 ipsum
248 969 353 1019 homines
362 967 481 1032 religionis
491 969 529 1018 vel
536 968 632 1030 justitie
642 968 726 1018 virtute
738 968 896 1032 inducantur.)

124 1041 259 1103 Respondeo
272 1040 401 1102 dicendum,
410 1039 481 1102 quod,
495 1039 547 1088 cim
561 1040 636 1090 nullus
647 1043 712 1088 actas
727 1051 756 1088 ex
769 1039 896 1090 deliberata

92 1114 210 1163 uoluntate
227 1113 365 1176 procedens,
381 1111 410 1161 sil
426 1111 575 1171 indifferens,
591 1115 616 1160 ut
634 1112 659 1160 in
676 1111 778 1161 sccumo
796 1110 896 1174 librom)

91 1182 243 1246 dictumest,
263 1187 329 1234 actus
348 1182 522 1234 matrimonialis
545 1196 635 1246 semper
650 1187 685 1232 est
700 1186 838 1246 peecatum,
858 1181 898 1232 rel

94 1253 236 1316 meritorius,
252 1255 276 1303 in
291 1267 319 1305 eo
336 1254 375 1316 qui
391 1254 485 1317 gratiam
502 1253 579 1303 hahet.
591 1253 617 1302 Si
631 1252 692 1304 euim
706 1254 733 1302 ad
747 1255 822 1302 actum
841 1264 898 1302 nra·

92 1323 244 1375 trimnnialem
260 1325 332 1374 uirtus
346 1325 446 1384 inducat,
461 1325 496 1374 vel
507 1325 634 1388 justitio,
651 1328 677 1374 ut
688 1323 790 1374 debitum
807 1323 897 1385 reddat,

93 1396 131 1444 vel
143 1395 290 1459 religionis.
304 1399 330 1445 ut
342 1396 418 1459 proles
431 1396 458 1444 ad
472 1395 556 1446 cultum
569 1395 610 1444 [tei
623 1398 769 1458 procreetur,
780 1398 818 1444 est
828 1394 898 1445 meri·

57 1460 64 1471 ’
93 1466 175 1516 torius.
192 1466 306 1518 Stantem
319 1468 409 1517 moueat
421 1465 489 1516 libido
504 1465 585 1516 sistens
598 1465 657 1515 intra
672 1466 732 1516 bona
745 1465 897 1530 matrimonii,

92 1540 120 1586 ut
137 1537 221 1586 scilicet
234 1538 295 1588 nullo
310 1538 376 1587 modo
395 1538 423 1586 ad
435 1537 503 1588 aliam
517 1537 624 1588 accedere
633 1536 717 1597 vellet,
730 1541 765 1587 est
776 1539 896 1600 peecatum

94 1609 192 1659 reniale.
208 1608 233 1657 Sl
249 1613 322 1660 arrtmn
334 1609 467 1659 extrahere
481 1607 620 1658 matrimonii
640 1608 760 1669 elleratur,
771 1610 796 1656 ut
809 1606 898 1658 scilicet

93 1691 146 1730 cum
159 1692 301 1744 quacumque
313 1679 407 1731 muliere
417 1679 478 1730 idem
489 1679 562 1731 lacere
572 1682 718 1742 proponeret,
728 1683 764 1729 est
776 1681 896 1741 peccatum

94 1752 197 1802 mortale.
212 1752 296 1801 Natura
310 1754 384 1800 aulem
401 1763 493 1802 mouere
505 1763 551 1801 non
563 1754 647 1814 potest,
656 1749 713 1813 quin
726 1747 763 1798 uel
781 1747 899 1800 ordinetur

94 1819 195 1882 ratione,
213 1825 237 1871 et
247 1821 281 1871 sic
294 1819 338 1871 erit
354 1823 427 1870 actor
440 1822 561 1883 utstatim
574 1821 611 1870 rel
625 1832 670 1869 nun
688 1818 814 1882 ordinetur,
824 1823 848 1868 et
863 1819 898 1870 sic

93 1891 139 1940 crit
152 1895 225 1942 actus
236 1891 367 1940 titidr'nir.

126 1963 159 2013 ad
179 1962 276 2025 primum
290 1975 345 2024 ergo
362 1960 492 2022 dicendum,
506 1960 566 2024 quod
583 1960 645 2011 radix
661 1959 770 2023 merendi,
786 1959 897 2023 quntum

93 2034 123 2086 ad
136 2033 252 2098 pramium
270 2031 434 2093 substantiale,
449 2035 484 2082 est
500 2032 552 2096 ipsa
565 2031 679 2094 charitrs3
693 2032 732 2082 sed
746 2028 857 2094 quantiam
867 2033 897 2083 ad

93 2105 187 2169 aliquod
204 2103 342 2155 accidentale
355 2103 488 2168 premium,
506 2099 564 2154 ratio
584 2102 659 2154 meriti
676 2101 779 2152 considit
795 2100 821 2152 iu
836 2100 898 2152 dilli-

94 2176 178 2228 cultaie
191 2175 272 2236 actds3
287 2179 311 2225 et
324 2174 358 2225 sic
368 2177 432 2224 actus
443 2174 581 2226 matrimonii
590 2187 637 2225 nou
651 2177 687 2225 est
701 2172 843 2236 meritorius,
854 2174 897 2225 ssd

94 2247 170 2311 primo
184 2247 259 2297 modo.

125 2320 160 2369 Ad
175 2319 301 2369 secundum
318 2316 456 2379 dicendum,
471 2316 533 2380 quod
549 2317 618 2368 trumo
631 2319 706 2380 polest
719 2317 816 2379 mereri,
827 2317 851 2366 et
870 2315 897 2367 iu

95 2389 220 2440 minoribus
230 2389 306 2448 ironis,
316 2393 340 2438 ei
349 2387 373 2438 in
384 2389 520 2452 majorinum
535 2388 697 2452 undeuuanda
710 2386 791 2450 aliquis
806 2386 897 2439 minora

94 2459 154 2512 bona
168 2458 274 2522 dimittit,
286 2462 312 2508 ut
325 2458 410 2522 majora
422 2459 503 2532 iaciat,
515 2459 640 2510 laudandus
649 2462 702 2520 est,
717 2456 818 2508 lmiuds
828 2455 898 2507 meri·

96 2530 155 2582 torio
168 2534 219 2580 actu
237 2529 364 2580 discedens.

127 2602 160 2651 nd
174 2601 265 2650 tertium
280 2599 419 2661 dicendum,
432 2599 492 2664 quid
504 2599 644 2663 indulgentia
658 2599 801 2662 quandoque.
813 2601 849 2649 est
868 2599 898 2650 de

95 2671 221 2725 minoribus
234 2671 312 2735 malis;
325 2675 348 2723 et
364 2672 398 2723 sie
411 2672 542 2736 indulgetur
553 2676 617 2722 antus
628 2671 779 2733 matrimonii,
789 2672 858 2735 prout
867 2671 897 2722 ad

128 2824 161 2886 (ll
179 2826 261 2884 idest,
278 2828 309 2874 Il.
326 2826 405 2874 sent..
417 2828 472 2874 dist.
483 2826 522 2886 ro,
539 2837 579 2884 qu.
590 2823 614 2885 l,
628 2830 672 2871 art.
686 2823 710 2871 5.
725 2826 790 2872 idem
806 2831 895 2872 tracte·

94 2894 133 2934 tur
147 2889 171 2949 1,
185 2891 209 2950 a,
224 2889 374 2950 qu.18,art.
388 2889 411 2936 9.
881 2923 883 2928 -
