1976 3306
204 122 251 170 tte
362 131 564 182 sursumsunt,
581 129 674 178 onmsr.
691 120 720 182 c',
736 131 794 172 snr.
811 133 838 174 r.

201 211 278 270 bont,
292 211 318 258 nt
331 205 434 260 diciturl
451 207 486 258 ad
501 206 570 262 Gor..
588 205 628 258 xl.
646 205 691 258 Sed
703 206 803 272 loquitur
815 209 846 261 de
860 211 982 266 mudum

202 279 264 331 tibus
278 277 433 343 spiritualiter,
449 277 488 342 qui
499 277 682 343 percharitatem
693 277 715 328 ei
726 279 912 344 incorporatum
922 295 982 347 quau

201 348 405 414 incorporationem
424 347 481 398 tacit
493 347 661 403 sacramentalis
678 349 808 413 comestio,
825 352 848 403 si
864 351 915 418 quis
926 355 982 417 dign

200 419 301 471 emedat.
321 418 401 482 Unde,
413 421 524 483 munium
539 421 576 468 est
584 431 614 470 ex
625 418 709 469 virtuto
721 421 875 487 sacramenti,
888 423 916 476 ad
925 425 982 474 ritas

180 505 182 508 ·
201 492 310 542 eternam
326 486 445 553 perdoctt;
460 487 564 552 quamuis
578 485 659 550 alosis
675 499 702 539 se
717 489 792 553 possit
805 490 847 541 tali
865 493 937 546 boen
949 509 982 558 pn

201 572 308 626 seraper
323 560 452 622 peccatam,
467 557 536 610 etiam
547 561 668 623 postquam
681 556 750 622 digne
767 562 905 625 sumpserit.

231 631 266 682 ld
279 627 371 681 tertium
383 627 513 691 dicendum,
526 627 588 692 qndd
599 626 797 691 fundamentum
809 630 837 682 im
849 633 926 685 verbis
937 635 982 700 lpo

188 701 254 754 *stoli
271 699 406 763 intelligitur
420 699 477 752 fidos
491 699 604 761 lormatap
618 710 769 764 superquam
786 701 831 766 qni
848 709 941 768 peraeta
952 719 982 756 re

197 772 268 824 ,utalia
280 770 441 835 edificaverit,
455 770 639 824 detrimentum
650 771 776 834 potietur,
787 772 847 836 qnia
857 788 903 840 pro
912 777 944 828 eb
952 791 981 840 pu

198 842 294 897 uictori
303 843 366 905 beo;
377 842 426 908 ipse
435 841 599 894 tameusatrus
610 841 767 905 eritbnuliter,
781 845 855 908 qnae
863 848 981 913 mmmm

198 913 236 965 rel
255 911 384 976 temperis
394 911 561 981 tribmadonis,
574 912 613 964 net
624 923 698 977 pene.
708 913 864 982 purgatorie,
880 931 932 984 que
942 930 982 983 pos

199 987 293 1036 mortem
306 983 357 1035 erit

490 1096 646 1150 ensiculus
667 1098 695 1148 V.

227 1221 312 1270 Utrirm
327 1231 406 1267 omnes
422 1219 462 1266 illi
478 1220 520 1278 pei
536 1223 667 1276 operentur
683 1219 860 1270 misericordia
880 1238 966 1284 epm,

442 1284 573 1340 pumicetur
585 1281 738 1328 eternaliter.
849 1289 856 1304 ’

195 1453 199 1459 .
226 1408 259 1459 ld
278 1405 382 1472 quintum
405 1406 439 1458 sic
456 1403 593 1472 proceditur.
606 1403 698 1457 videtur
715 1405 778 1471 qnod
793 1407 828 1460 ilii
851 1412 982 1477 omnesqui

195 1491 264 1544 opera
285 1476 447 1530 misericordie
464 1476 565 1539 laniunt,
578 1487 625 1528 non
639 1474 762 1541 punientur
778 1482 936 1549 eternaliter,
951 1483 982 1533 sed

193 1548 266 1600 solim
279 1549 315 1600 illi
327 1548 366 1616 qui
378 1559 448 1614 opera
460 1545 617 1599 misericordie
626 1545 750 1611 negligunt.
765 1550 940 1614 lacoo.,11:«
951 1555 982 1604 ln·

193 1619 277 1670 dicium
289 1621 339 1671 sine
356 1616 508 1672 misericordia
521 1615 555 1668 illi
571 1617 612 1683 qui
622 1627 670 1670 eon
687 1618 742 1670 iecit
758 1621 981 1686 misericordiam»

193 1694 218 1742 et
227 1687 359 1751 dtoitl.,il
373 1703 381 1740 ε
394 1705 409 1740 o
421 1689 486 1742 Beati
497 1687 669 1752 misericordes,
678 1688 786 1753 quoniam
799 1693 848 1757 ipsi
858 1697 981 1749 misenen

193 1760 254 1812 diam
262 1763 435 1824 consequentur.
450 1773 466 1808 u

223 1835 247 1881 s.
259 1831 382 1891 Preterea,
395 1829 495 1888 Metti..
505 1827 573 1892 XXV,
583 1829 675 1895 ponitur
688 1829 825 1896 disceptatio
835 1833 931 1890 bomini
938 1851 980 1890 cnm

192 1899 292 1966 reprobis
304 1903 328 1951 et
337 1900 423 1953 electis.
431 1900 476 1953 Sed
485 1899 524 1951 illa
537 1899 672 1965 disceptatio
680 1912 726 1952 non
738 1905 776 1951 est
782 1902 833 1954 n1si
839 1903 871 1958 de
881 1908 979 1972 operibus

190 1967 356 2023 misericordie.
372 1969 431 2034 lingo
445 1969 517 2022 soldm
527 1982 568 2035 pro
582 1969 687 2034 operibus
704 1969 874 2029 misericordia
891 1979 975 2030 emises

191 2041 261 2106 aliqui
273 2037 408 2092 eternaliter
422 2039 558 2105 punientem
572 2043 596 2090 et
608 2039 642 2090 sic
654 2038 715 2090 idem
734 2039 796 2103 qubd
811 2043 890 2106 pribs.

221 2117 246 2163 3.
260 2111 499 2174 Premebantur„
512 2109 558 2173 Vl,
569 2109 668 2161 dicitnre
680 2125 695 2158 c
709 2109 802 2162 Dimitte
817 2116 888 2168 nobis
906 2117 975 2170 delier

189 2185 284 2243 nostra,
297 2183 356 2235 sicot
367 2186 391 2232 et
403 2193 445 2232 nos
460 2178 595 2231 dimittimus
609 2179 748 2231 debitoribus
760 2184 868 2250 nostris;
882 2201 899 2236 a
912 2193 973 2242 etse

188 2251 263 2318 quitur
281 2267 289 2300 a
304 2251 352 2303 «εἰ
367 2250 429 2302 enim
441 2249 572 2302 dimiseritis
580 2249 743 2311 bominibus»
759 2254 807 2302 eto.
819 2253 885 2320 Ergo
895 2259 974 2311 ridetur

188 2323 249 2386 qnbd
262 2321 430 2382 misericordes,
442 2320 483 2384 qni
502 2317 553 2372 aliis
569 2324 661 2386 peccata
673 2318 804 2383 dimittunt,
822 2323 872 2388 ipsi
892 2329 972 2380 venien

89 2389 97 2409 ⁶
187 2396 329 2458 peccatorum
342 2394 524 2455 consequentum
537 2394 561 2441 et
580 2391 613 2442 sic
630 2391 829 2444 coaeternaliter
845 2399 971 2462 punientur.

219 2467 244 2516 t.
251 2463 391 2523 cretenses
400 2461 474 2518 Tim..
485 2461 530 2524 lv,
539 2473 607 2526 super
615 2459 681 2523 illud,
689 2460 780 2526 «pietas
789 2463 819 2514 ed
830 2469 912 2520 omnia
919 2471 971 2521 anm

187 2539 238 2595 est,
258 2551 272 2584 u
287 2533 344 2586 dicit
358 2532 438 2584 Glossa
459 2530 570 2584 Ambrosii
588 2547 594 2581 :
614 2529 723 2582 «Omnis
739 2543 829 2585 summa
851 2537 969 2606 disciplina

186 2604 316 2656 cbristiane
327 2602 352 2654 io
367 2601 522 2655 misericordia
537 2605 563 2654 et
579 2601 664 2666 pietate
676 2605 728 2662 esta
744 2616 814 2665 quam
833 2607 921 2673 aliquio
937 2625 970 2664 oe-

185 2759 286 2914 m?
296 2755 330 2802 stc
343 2751 444 2814 explicat
454 2753 556 2814 Hormo,
570 2765 597 2802 ac
611 2752 715 2803 similiter
724 2755 747 2804 s.
759 2757 865 2809 'thomas
879 2764 967 2828 ibidem,

271 2921 288 2952 Ι·
