2024 3328
126 238 155 276 nr
165 232 488 284 nrsraurraruuuurnsouu
497 235 665 278 montanum!
673 235 793 280 mannans.
811 229 858 280 185

67 318 253 378 consummatum,
266 327 314 368 non
328 317 405 380 polest
422 316 458 368 uir
476 317 527 368 sino
541 327 656 368 consensu
670 317 748 369 uronis
764 317 793 369 ad
806 319 858 371 reli·

67 387 151 452 pionem
162 387 256 440 lraudre
264 400 273 450 ;
282 391 358 453 potest
369 391 445 440 autem
458 392 512 440 ante
520 388 631 442 mandem
639 391 754 456 copulam,
765 393 857 455 quando

66 462 96 512 cst
111 460 199 511 tantdm
212 461 292 525 copula
302 460 435 526 spiritualis.
450 461 495 512 Sed
510 461 549 512 ille
567 461 607 526 qui
627 463 655 513 ad
667 462 808 527 baptismum
821 477 858 514 ac·

67 531 136 593 cedit,
149 532 294 596 corporaliter
306 532 376 584 otiam
393 533 567 598 «consepelitur
580 533 674 585 Christo
688 534 713 584 in
726 537 857 585 mortem.»

67 603 93 652 lit
105 604 156 656 ideo
167 603 261 656 solvitur
277 604 291 656 d
304 605 379 658 debito
392 605 517 668 reddendo,
529 605 600 656 etiam
622 608 676 669 post
691 605 859 658 matn'monium

64 679 247 728 consummatum.
262 676 304 728 llel
319 677 455 738 dicendum,
472 675 536 741 quod
549 689 578 728 er
591 673 711 743 culpanda
723 690 782 730 uuor
796 690 860 744 proo-

63 746 170 809 jndicium
183 748 281 813 patitur,
295 761 347 812 quo
359 748 462 800 conuerti
475 748 607 801 mntomnit.

91 820 123 871 tid
134 819 227 872 tertium
235 820 369 883 dicendum,
384 820 446 886 quod
458 819 662 885 disparilnscultds
676 822 858 888 incitporsonam

65 890 193 956 simpliciter
215 891 373 957 illegitimam
392 905 442 948 non
458 895 534 944 aulem
555 894 656 946 conditio
671 895 803 956 seruitutis,
820 897 860 949 sed

66 963 133 1014 aoltm
146 963 238 1027 quando
251 964 354 1027 ignorata
369 968 412 1018 est.
429 965 458 1016 nt
475 964 526 1016 ideo
538 977 585 1018 non
599 970 636 1016 est
656 965 738 1020 similis
755 968 812 1020 ratio
830 969 859 1020 do

64 1033 144 1088 infideli
157 1039 182 1086 et
196 1035 287 1088 onoma

93 1108 125 1159 td
137 1110 244 1172 pannum
256 1107 389 1172 dicendum,
399 1109 460 1172 pudd
475 1110 552 1174 proles
564 1113 603 1160 aul
612 1109 716 1174 peruenit
728 1111 757 1164 ad
767 1112 856 1175 perlec-

18 1213 20 1226 ,
65 1183 106 1230 tam
119 1183 226 1244 aulem,
242 1183 266 1232 et
275 1185 330 1232 lonc
345 1181 429 1246 poterit
441 1181 511 1234 libere
528 1182 594 1246 sequi
616 1186 703 1246 patrem
717 1183 805 1235 fidelem
820 1185 861 1236 vel

65 1256 155 1302 matrem
176 1251 309 1315 infidelem3
325 1253 363 1304 rel
377 1257 413 1304 est
432 1253 516 1304 minori
534 1256 601 1304 etate
614 1254 752 1315 constituta,
767 1257 792 1305 el
805 1259 860 1306 lunc

68 1321 133 1374 delet
151 1324 202 1376 dari
215 1324 276 1376 lideli
282 1360 292 1387 ,
305 1338 351 1376 non
364 1325 468 1378 obcunte
482 1324 543 1390 qudd
556 1324 643 1390 indiget
655 1325 734 1376 matris
752 1326 861 1391 obsequio

66 1395 91 1446 nd
101 1395 265 1448 educationem.

93 1468 126 1518 Ad
140 1468 244 1532 quintum
261 1467 393 1531 dicendum,
405 1469 465 1532 qudd
483 1469 570 1521 adulter
582 1483 623 1534 per
639 1469 796 1534 poenitentiam
814 1483 862 1522 non

65 1538 141 1589 transit
162 1536 192 1590 ad
213 1539 281 1590 adam
297 1540 381 1600 udum,
399 1539 460 1592 sicul
481 1539 595 1607 infidelis,
609 1553 650 1608 por
670 1539 816 1610 baptismum.
832 1543 861 1592 lll

67 1608 114 1663 ideo
133 1625 184 1666 nou
196 1614 232 1664 est
245 1607 329 1664 simiis
342 1612 411 1665 rado.

356 1793 517 1872 nantuacus
532 1793 561 1846 V.
576 1837 579 1852 .

69 1917 238 1980 Utrumjldclls
247 1920 369 1968 discedens
377 1921 407 1966 ul
415 1931 490 1967 uxore
498 1919 598 1978 infideli,
607 1921 682 1980 possit
692 1921 767 1972 cllum
775 1923 861 1970 ducem
971 1953 973 1957 v

92 2049 124 2100 dd
138 2049 245 2115 quintum
258 2047 293 2100 sic
305 2048 438 2113 proceditur.
456 2049 551 2100 Videtur
568 2049 631 2115 qudd
643 2048 718 2103 fidelis
736 2050 858 2120 discedens

66 2119 91 2169 ab
106 2134 178 2173 uxore
189 2119 294 2183 infideli,
308 2133 354 2172 non
373 2120 447 2184 possit
466 2121 534 2171 aliam
554 2122 637 2174 ducere
649 2121 675 2173 in
687 2135 791 2174 uxorem.
804 2122 863 2180 Quia

59 2191 212 2244 insolubilitas
223 2193 259 2242 est
271 2193 299 2255 dc
312 2189 399 2242 natione
417 2191 573 2256 matrimonii,
585 2192 638 2244 cim
649 2194 769 2258 repudium
787 2191 865 2244 uxoris

64 2262 92 2314 sit
110 2268 189 2315 contra
209 2264 283 2327 legem
292 2267 388 2316 nature.
402 2264 448 2316 Sed
463 2263 524 2316 inter
535 2265 646 2318 infideles
657 2269 706 2316 erat
720 2277 801 2316 nerum
814 2273 862 2314 ma·

19 2341 20 2346 ’
64 2334 202 2387 trimodiam.
214 2334 274 2399 Ergo
292 2335 436 2386 nullomodo
449 2339 525 2400 potest
538 2336 594 2387 illud
606 2336 775 2388 matrimonium
790 2333 859 2386 solui.

63 2407 117 2470 Sed,
134 2411 243 2458 manente
257 2407 350 2458 uinculo
365 2407 506 2459 matrimonii
519 2408 548 2458 ad
567 2420 651 2470 unam,
669 2420 716 2459 non
727 2409 804 2472 potest
817 2406 859 2457 ali·

66 2477 114 2542 quis
132 2477 244 2528 eumalio
264 2473 404 2530 mnuaher'o.
424 2478 484 2542 Ergo
496 2473 579 2530 'fidelis
598 2478 716 2530 discedens
734 2477 763 2529 ab
785 2489 856 2531 uxore

65 2549 165 2612 infideli,
179 2562 226 2601 non
246 2552 322 2614 potest
337 2561 388 2600 cum
406 2547 451 2600 aliu
464 2550 612 2601 commisce.

93 2622 264 2680 2Praetorea‚
277 2620 362 2672 odmen
379 2619 543 2702 superueniens
565 2621 706 2674 matrimonio
725 2635 771 2675 non
793 2621 859 2675 solvil

65 2679 244 2746 matrimonium.
254 2693 316 2754 Sed,
329 2692 349 2744 si
362 2692 441 2744 multer
456 2691 513 2743 uelit
526 2693 655 2744 cohabitare
666 2697 717 2748 sino
725 2695 859 2748 contumelia

64 2766 189 2828 creatoris,
202 2779 249 2818 non
265 2764 361 2817 soluitur
382 2764 500 2816 uinculum
519 2763 674 2830 matrimonii,
693 2766 747 2832 quia
763 2765 798 2817 uir
816 2781 859 2820 nou

67 2838 142 2900 polest
161 2838 227 2889 aiam
247 2837 412 2902 ducerellrgo
429 2839 545 2901 peccalum
567 2836 663 2901 uxoris,
677 2851 729 2904 qne
753 2842 859 2892 nonnul

63 2908 192 2962 mhalitare
207 2910 259 2962 sino
269 2909 408 2962 mutumelia
416 2907 540 2968 Creatoris,
549 2919 597 2958 non
610 2909 680 2963 soluit
688 2909 872 2980 matrimonium,

66 2982 92 3031 nt
102 2979 175 3035 libere
186 2981 261 3048 possit
274 2981 310 3033 uir
323 2981 392 3036 olium
405 2993 500 3036 morem
517 2980 609 3034 ducere.
