1968 3294
220 155 267 197 mn
278 155 373 194 visione
388 153 477 194 butun:
490 155 622 207 essentum,
640 158 692 195 nno.
808 153 853 199 otu

96 227 132 280 Ati
145 231 249 292 pentima
266 230 396 290 moenium,
411 229 472 292 quid
490 231 593 294 menois
606 231 692 282 finitum
711 231 800 284 infinito
816 234 856 284 ad·

61 297 139 346 ditum
154 311 200 348 nnn
212 297 280 350 tanat
293 301 384 364 majus,
399 301 542 352 tomentacia
557 301 622 365 pius3
640 302 692 364 quia
711 302 813 366 finitum
833 306 857 354 et

62 368 196 430 infirmium
205 374 258 421 sunt
267 370 320 432 dno,
330 369 381 421 oium
390 371 503 422 infinitum
515 383 557 434 pen
566 385 591 422 se
604 374 721 436 acceptum
732 372 762 423 sit
774 384 854 422 uuum.

61 439 174 492 Exteusio
188 445 273 492 autent·
283 441 358 504 gaudii
377 455 423 496 uon
437 442 529 506 respicit
547 441 622 506 majus
630 478 639 504 ,
656 443 696 492 sed
710 443 762 506 pius
778 443 858 495 :uode

61 509 192 560 extensive>
204 517 298 574 augetur
319 513 440 576 gaudium,
455 514 577 564 seeundum
592 513 652 576 quot
666 517 702 564 esi
716 514 744 564 de
761 513 820 574 beo,
834 517 858 564 at

61 580 93 630 de
106 580 178 644 glorio
192 583 309 646 eorporis,
319 588 423 648 inspectu
443 583 519 645 gaudii
533 584 593 646 quod
612 586 660 634 erat
671 585 699 634 de
710 584 765 634 beo.
780 581 857 634 Gloria

59 649 134 700 etiam
149 652 251 715 minoas
267 655 422 716 cooperabitur
435 655 462 704 ad
477 653 553 716 gaudii
567 655 735 716 intensionem,
749 655 810 717 quod
822 659 858 704 est

60 721 93 772 de
106 721 162 782 beo,
175 721 199 772 in
210 726 319 785 quantum
330 723 486 788 cooperabitur
496 725 525 774 ad
533 725 689 787 perfectionem
703 725 857 789 operationem

61 805 110 855 qus
123 793 200 844 enimn
214 792 239 842 in
250 794 318 844 beunn
332 796 412 846 fertur.
426 794 515 853 Quanti
530 795 592 844 enim
606 795 707 859 operatio
717 797 858 848 subveniens

63 861 135 912 inerit
146 863 287 925 perfectior,
301 859 366 914 tintb
380 865 500 916 delectatio
517 866 560 916 erit
573 867 654 931 mmor,
667 870 694 918 'ut
705 871 767 931 patet
774 880 803 918 ex
815 867 857 920 boo

60 933 126 996 quod
135 933 216 983 tiniam
231 933 270 982 iV.
284 935 364 984 iiiito.

356 1113 515 1164 unitatibus
531 1114 562 1165 V.

135 1233 220 1280 viatim
230 1235 383 1280 beatitudinis
393 1236 483 1292 produn
493 1237 616 1280 mansiones
626 1235 674 1280 atet
686 1237 790 1284 debeant.

94 1361 131 1411 Ad
144 1359 249 1424 quintum
259 1360 292 1410 sio
299 1359 436 1423 proceditur.
448 1360 542 1410 Videtur
552 1359 613 1424 quit
624 1361 858 1427 beatitudinisgnadns

61 1433 207 1482 sponsiones
226 1431 271 1480 diei
286 1443 330 1481 non
349 1429 454 1481 debeant.
470 1430 590 1481 beatitudo
611 1431 671 1481 enim
693 1431 800 1495 importat
818 1448 858 1486 ra.

61 1505 155 1562 tionem
166 1501 263 1564 monii.
274 1502 318 1552 Sed
329 1501 428 1552 monnio
440 1500 499 1554 nihil
510 1500 623 1564 significat
636 1503 696 1564 quoti
704 1503 731 1552 ad
740 1505 859 1566 premium

60 1573 189 1638 pertineat.
211 1573 271 1635 Eupo
285 1571 367 1624 diuersi
388 1572 471 1634 gnatus
490 1572 638 1624 beatitudinis
657 1575 860 1626 mansionen-diei

59 1659 110 1696 non
121 1643 216 1698 debent.

93 1720 121 1764 a.
136 1715 262 1776 Proteum,
278 1715 375 1763 mansio
389 1713 462 1764 iocum
484 1712 612 1776 significare
625 1713 721 1765 uidetur.
736 1715 781 1766 Set
795 1716 860 1768 iosus
939 1744 941 1749 ·

60 1787 86 1838 in
98 1797 147 1848 quo
162 1785 234 1837 saneti
247 1783 440 1846 beabfinaunntur,
455 1796 500 1835 non
521 1787 557 1834 ost
573 1783 712 1848 corporalis,
732 1787 774 1836 sed
790 1787 859 1850 spini-

59 1856 149 1917 tuaiis‚
165 1855 252 1908 scilicet
268 1855 345 1917 oeus,
359 1856 398 1919 qni
413 1867 472 1908 unns
484 1857 529 1904 ost.
546 1855 604 1916 Engo
623 1868 669 1908 nou
687 1859 722 1906 ost
744 1857 791 1907 nisi
815 1869 859 1906 nna

59 1928 173 1979 musio.
193 1927 222 1976 Et
237 1925 269 1976 ita
284 1925 369 1976 diuersi
386 1926 468 1988 grauius
490 1925 638 1976 beatitudinis
660 1929 799 1978 mansiones
813 1929 858 1979 dini

60 2012 109 2052 non
123 1997 216 2049 debent.

94 2075 121 2120 a.
129 2071 256 2130 Prummu,
268 2067 327 2120 sieut
337 2068 365 2118 in
374 2067 448 2130 patria
460 2071 526 2118 erunt
537 2067 641 2118 bominee
655 2068 798 2124 diversorum
806 2082 860 2121 nue-

60 2144 173 2206 riiouunu,
191 2141 224 2192 ita
240 2153 300 2190 nuno
323 2142 377 2192 sunt·
396 2139 419 2188 in
438 2139 582 2202 purgatorio,
597 2144 621 2189 et
638 2141 663 2189 in
684 2138 753 2190 iimbo
767 2140 859 2190 Patmm

61 2214 167 2266 innuunt.
182 2211 227 2264 Sed
239 2209 265 2260 in
276 2209 407 2273 purgatorio
421 2213 447 2258 et
461 2207 490 2256 in
500 2208 569 2262 limbo
582 2222 628 2261 non
641 2209 812 2272 distinguuntur
824 2210 859 2260 di-

62 2295 140 2336 uerso
154 2281 292 2337 mansiones.
303 2278 524 2342 Emostnititennee
533 2279 556 2330 in
565 2279 638 2344 patria
652 2279 760 2343 distingui
767 2280 856 2330 debent.

95 2355 143 2406 Sed
156 2355 236 2404 contos
251 2355 297 2412 est,
308 2350 368 2414 qnbd
383 2349 557 2406 dicithoao„
567 2351 618 2400 iiiii
628 2365 634 2400 t
644 2351 692 2400 nin
704 2351 771 2401 donno
784 2351 859 2400 Patris

63 2427 114 2480 moi
127 2422 258 2478 mansiones
268 2422 344 2474 multo
357 2425 418 2483 suni,
430 2424 517 2484 omn-n
535 2422 595 2484 quod
609 2421 749 2486 Augustinus
766 2425 862 2486 exponit

65 2499 95 2549 de
104 2493 177 2546 variis
188 2493 293 2558 gradibus
303 2491 445 2556 praemiorum
455 2529 462 2555 ,
474 2491 516 2542 uei
526 2495 657 2542 mentorum
666 2529 674 2556 ‚
684 2493 768 2556 quibus
779 2490 860 2545 diuersi

64 2568 153 2634 gradus
166 2563 308 2628 premiorum
321 2564 468 2628 respondent..

98 2639 228 2697 Proterea,
240 2634 266 2683 iu
279 2633 377 2697 qualibet
389 2632 481 2684 civitate
494 2635 528 2683 est
541 2631 644 2682 ordinata
658 2632 804 2684 mansionum
813 2634 860 2686 dis-

64 2707 161 2764 tinctio.
171 2706 216 2756 sed
227 2703 324 2754 coeiestis
331 2703 403 2767 patria
411 2703 499 2753 ciuitati
507 2707 658 2765 eomparatur,
670 2706 695 2751 ut
704 2706 767 2767 patet
776 2707 862 2768 Apum,

67 2779 138 2830 xxi.
150 2777 210 2840 iimo
222 2776 311 2838 oportet
323 2773 355 2824 ibt
367 2775 467 2825 tinomao
482 2773 612 2824 mansiones
626 2771 766 2834 distinguere
778 2787 865 2826 secun-

67 2850 126 2904 aium
137 2847 240 2898 diuersos
250 2844 398 2896 beatitudiuis
410 2844 500 2908 gradus.
