1936 3306
192 180 196 188 ’
236 204 271 242 ιι
283 203 345 244 noco
359 203 487 244 snrnnurs
501 205 561 244 ross
577 203 685 243 nonunt.
812 197 858 246 ned

53 295 143 336 uersum
152 281 279 334 sortiuntur
289 293 379 345 poennn
388 296 395 344 ;
405 284 429 332 ei
440 281 492 332 ideo
502 281 630 333 ιιιιιιιιι
642 281 860 346 ιιιιι.ει·ιιίίιίιιι

51 355 154 422 neoceiis
164 353 299 405 inisduniur
309 352 553 416 demneti,seeundl1m
563 355 608 404 lino
617 353 770 405 obscuriorem
782 355 857 406 loeunn

52 434 75 480 et
88 427 262 494 profundiorem
270 425 375 476 obtinent
386 428 411 476 in
420 426 526 488 inlern03
539 427 598 477 node
607 430 631 478 ei
642 427 715 478 saneti
728 427 821 491 Peiros,
835 427 859 479 in

55 501 139 565 quibus
156 499 279 550 minimum
292 503 341 550 eret
357 500 385 550 de
397 499 486 550 ratione
498 499 570 562 culpo
577 535 586 562 ,
598 512 729 563 supremum
743 504 767 550 el
780 500 858 553 minus

51 575 201 626 ienehrosnrn
214 571 289 622 loounr
301 571 428 622 debuerunt
439 569 544 623 omnibus
554 571 686 636 puniendis.

85 646 123 696 nd
136 645 237 710 primunr
250 655 304 708 ergo
319 641 456 706 dicendum,
470 641 531 707 quod
547 642 670 694 seeundum
685 643 730 693 lroe
742 643 804 707 qudd
818 644 858 695 iu-

52 717 134 770 lernns
147 719 172 767 et
185 715 269 766 liunus
278 717 331 764 snut
345 713 406 766 idern
417 716 527 780 quonium
544 714 572 764 ed
584 714 669 776 siluro,
684 712 767 764 dicitnr
777 716 854 766 Chris·

52 792 88 840 tus
105 789 225 840 infernum
237 785 393 846 momordisse,
404 790 428 837 et
437 786 467 836 ed
476 784 592 836 infernum
602 785 756 850 descendisse,
768 787 858 852 quundd
959 853 960 856 Ἴ

52 862 133 914 Peiros
147 860 162 911 l
175 859 247 911 limbo
257 855 341 922 eniprrii
350 870 393 909 suo
405 859 528 910 descensu.

83 935 113 984 nt
125 945 169 997 per
182 932 227 982 lnoe
237 933 301 994 pateo
315 928 399 981 solutio
412 930 440 981 ed
450 929 586 981 sennodum.

83 1005 120 1056 nd
137 1003 235 1054 tertium
249 1001 387 1063 dicendum,
402 1000 463 1066 qudd
478 1001 524 1052 Job
546 1015 593 1054 non
612 1001 731 1053 deseendit
746 1002 772 1052 in
787 1002 859 1054 inler-

53 1089 109 1128 num
122 1076 282 1126 damnosorum
290 1111 297 1134 ,
305 1074 345 1124 sed
354 1073 379 1124 in
388 1072 484 1124 limbum
498 1075 599 1124 Petrum.
613 1072 656 1132 oni
668 1074 762 1138 quiden
775 1074 860 1126 dieitur

51 1147 278 1214 profundissimus
291 1145 373 1202 loeus,
387 1158 434 1196 oon
452 1145 545 1208 quidem
565 1149 672 1210 nepesin
689 1146 790 1196 lusorum
810 1161 861 1211 ιιι-

53 1221 152 1282 uenum,
162 1217 207 1268 sed
219 1217 244 1266 in
255 1215 425 1280 comperuisse
437 1217 466 1266 ed
477 1215 521 1268 ulia
531 1217 596 1278 loce,
609 1216 733 1268 seeundum
747 1217 807 1282 quod
817 1219 861 1270 suli

51 1293 135 1343 eodem
147 1288 270 1340 includitur
283 1288 361 1339 omnis
377 1288 441 1342 loeus
454 1301 581 1352 poenerunr.
597 1287 638 1340 llel
650 1289 788 1353 dicendum,
803 1289 862 1340 sicut

53 1362 200 1428 Augustinus
213 1359 289 1420 solvit,
302 1360 354 1410 llll.
367 1361 451 1424 Super
470 1361 531 1410 Gen.
545 1359 706 1412 addideram
716 1359 783 1424 (sep.
799 1365 829 1410 33
841 1362 859 1425 ),

52 1437 80 1486 de
91 1433 173 1495 leeob,
192 1430 226 1482 sis
239 1431 319 1483 disens
331 1446 337 1482 ε
349 1448 363 1480 u
375 1431 433 1481 lllnd
447 1431 508 1496 quod
521 1432 592 1484 Jaooli
601 1431 657 1483 dicit
670 1433 698 1482 ad
712 1431 771 1482 lilios
786 1445 857 1484 suos:

52 1505 196 1558 Dedecetis
213 1511 362 1554 senectutem
382 1518 465 1554 meum
487 1519 543 1554 cum
565 1504 676 1554 rd'ernia
696 1503 861 1568 studiosiores,

54 1580 147 1630 videtur
155 1578 203 1628 hue
218 1575 289 1640 magn
298 1575 402 1626 iim-uisse
410 1570 440 1626 ue
452 1575 524 1626 ru'mid
536 1575 628 1626 unlitid
637 1575 670 1627 sio
680 1575 860 1640 perturbaretur,

54 1655 82 1700 ιι
92 1650 122 1700 ed
135 1647 239 1711 requiem
250 1647 361 1698 bonorum
370 1659 416 1698 non
426 1646 482 1711 iret,
493 1649 532 1698 sed
544 1647 574 1696 ed
582 1647 668 1698 inferos
681 1650 859 1712 pennatorum.»

55 1723 86 1773 nl
102 1719 209 1772 similiter
221 1723 297 1782 potest
309 1719 393 1784 exponi
406 1719 503 1769 vernum
517 1717 559 1770 lob
572 1719 652 1770 endem
666 1719 770 1782 sulione,
784 1725 811 1771 ul
828 1720 862 1776 siu

53 1792 152 1846 uerbum
163 1790 237 1854 magis
252 1790 354 1842 timentis
367 1791 435 1856 quiin
451 1789 585 1842 asserendis.
628 1809 629 1816 ι

346 1969 507 2022 sinuosius
520 1969 560 2020 vr.
632 1949 635 1957 “

86 2098 174 2144 vlrdm
190 2097 278 2143 limbos
285 2107 416 2154 porrorum
429 2097 536 2143 nitidem
549 2097 611 2158 quod
621 2099 710 2145 limbos
721 2099 831 2146 Petrum.

87 2227 121 2277 nd
135 2227 226 2276 senium
245 2223 279 2276 sie
295 2224 434 2288 proceditur.
446 2224 540 2276 Videtur
558 2225 620 2290 quod
634 2226 718 2276 limbus
737 2237 859 2290 puerorum

57 2297 163 2349 nitidem
180 2296 241 2360 qued
256 2295 339 2346 limbus
358 2297 459 2346 Petrum.
476 2299 549 2348 Poene
563 2295 625 2351 eninr
635 2297 705 2348 debet
723 2301 862 2361 respondere

56 2369 138 2434 eulpae.
156 2367 200 2418 Sed
214 2380 256 2432 pro
268 2367 348 2418 eedem
362 2367 429 2431 culpe
445 2367 606 2418 detinebantur
620 2367 645 2416 in
658 2366 728 2418 lirnlro
745 2370 824 2420 Peiros
836 2373 860 2420 el

56 2441 135 2505 pueri,
150 2439 239 2492 scillcet
252 2451 293 2504 pro
303 2439 369 2504 culos
380 2438 496 2504 originali.
508 2441 567 2504 Ergo
580 2439 641 2488 idem
652 2439 720 2490 debet
733 2453 786 2491 esse
799 2444 863 2494 uiro·

57 2526 152 2577 meoque
172 2512 236 2563 loeus
253 2523 338 2576 poene.

86 2589 110 2634 2.
125 2583 256 2644 Praelerea,
273 2581 412 2646 Αιςιιιιιι
429 2581 484 2633 dieii
496 2581 529 2635 in
545 2580 678 2634 Enrnirr'd.
700 2579 766 2648 (unp.
784 2588 814 2634 93
829 2583 837 2646 l
854 2599 861 2635 ε

59 2655 204 2708 nliilissime
220 2658 255 2706 esi
268 2667 336 2720 poeue
349 2667 487 2726 puerorum,
505 2653 545 2717 qni
557 2667 608 2702 oum
619 2653 669 2704 solo
682 2659 777 2718 peceato
792 2655 863 2720 origi·

57 2728 103 2779 nuli
116 2728 241 2780 decedunt.
259 2743 272 2780 n
292 2727 338 2778 Sed
349 2727 413 2776 nulle
432 2723 550 2789 esesdune
563 2725 642 2777 mitior
655 2724 682 2776 ed
700 2736 768 2790 quern
788 2726 864 2778 seneli

59 2803 138 2853 Patres
150 2799 275 2851 habemns.
287 2798 347 2861 Ergo
360 2796 548 2853 idemesiloens·
558 2809 633 2861 penne
642 2802 800 2863 utrorumque.

88 2872 133 2924 sed
150 2875 244 2932 nonne,
264 2870 323 2923 siout
336 2870 419 2922 eolueli
429 2871 524 2934 moenio
538 2869 634 2920 debetur
643 2880 713 2934 pone
726 2869 861 2934 temporalis

60 2943 243 3010 inposuistis,
257 2943 280 2994 ei
292 2943 378 2995 eterne
395 2941 420 2992 in
432 2939 523 2992 inferno
534 2975 541 3004 ‚
553 2939 586 2990 ile
602 2943 626 2992 ei
642 2940 747 3006 originali
767 2939 862 3004 nesorio
