1970 3326
279 203 310 241 nn
326 202 488 248 sacramen
502 203 657 244 nrrtratuttrtrr.v
854 199 870 245 u
935 225 939 231 ·

66 291 108 331 non
123 281 256 332 revocatur.
266 279 310 330 Scri
324 279 399 342 prima
408 278 528 330 -iratitutto
542 279 681 332 matrimonii
694 280 738 332 init
751 281 795 332 snb
807 297 871 347 pra-

66 355 136 416 cepto,
149 355 178 402 ει
193 351 218 400 in
232 351 309 400 litiera
322 351 407 400 dicitur
425 349 471 414 (iit.
486 350 580 414 Seni).
591 365 633 404 aec
646 365 745 416 unquam
755 355 799 404 troc
812 367 871 418 praa
914 372 917 378 ¹

67 429 154 488 ceptum
168 423 256 487 legitur
276 427 423 486 revocatum3
434 421 480 474 im'o
493 423 664 486 confirmatam,
678 425 781 484 Metti,
793 426 843 478 itti
861 441 868 476 :

68 495 150 555 ronna
165 495 230 546 Dens
238 495 360 558 conjunxit
366 531 377 558 ,
392 495 461 544 homo
472 507 519 544 nnn
531 497 630 558 separet.
643 496 726 560 uiirgo
737 499 811 548 adhuc
823 509 871 548 ma·

68 566 195 618 timonium
208 569 246 618 εει
259 565 302 616 εει
316 567 440 630 precepto.

96 642 120 688 ι.
138 639 266 700 Ρεειεεεε,
280 640 395 702 precepta
405 635 464 700 juria
475 637 581 688 naturalis
595 637 717 688 amantium
734 651 800 690 omna
811 642 870 690 tern-

68 723 109 774 pnu
119 709 236 773 obligant.
245 709 291 762 Sed
300 707 470 762 matrimonium
481 711 516 758 εει
524 709 552 758 dc
566 707 618 772 jara
630 710 741 771 maturati,
751 713 777 760 ει
785 711 871 762 dictum

68 784 109 832 esi.
124 781 196 843 Ergo,
214 782 261 830 cic.
395 827 398 836 ,

96 855 119 904 a.
135 853 262 910 praterea,
273 849 358 900 bonnm
371 848 457 914 speciei
469 853 504 900 εει
512 850 594 902 meiius
602 849 671 917 qu'am
683 851 768 902 bonurn
781 851 871 905 tudici-

67 923 111 985 iui3
123 923 179 986 qnia
195 921 306 972 «bonum
322 921 400 984 gentis
414 925 449 971 esi
463 919 565 972 divinius
576 923 645 984 qu'am
657 922 741 972 bonum
751 923 819 973 unius
829 925 881 976 tro-r

69 993 137 1044 minis
144 1029 154 1056 ‚
163 1007 179 1038 n
189 995 217 1042 ει
232 991 314 1042 dicitur
328 993 353 1042 in
367 993 386 1041 1.
401 991 483 1042 Etlu'c.
496 991 689 1057 Sedprmcepium
698 994 771 1057 prime
784 995 873 1046 nomini

68 1066 143 1116 aarum
151 1065 182 1114 ad
191 1064 392 1116 conseruationem
400 1063 513 1116 individui
522 1077 563 1129 por
573 1067 648 1116 actum
657 1065 873 1128 nutritiva‚nrihuc

69 1135 240 1200 migratum
258 1134 330 1188 multo
350 1134 423 1199 magis
440 1139 577 1200 preceptum
594 1135 622 1187 (ιε
640 1135 799 1198 matrimonio,
811 1137 879 1201 prou

69 1207 165 1270 pertinet
184 1208 214 1256 ari
226 1207 425 1258 conservationem
437 1207 532 1271 speciei.
788 1258 790 1260 .

98 1279 121 1328 t.
136 1279 271 1342 Prmterea,
288 1277 327 1328 ubi
341 1281 420 1330 manci
436 1279 514 1330 cadam
528 1278 585 1330 ratio
598 1278 708 1343 obligans,
724 1280 802 1333 eadem
815 1279 874 1332 obti-

68 1349 127 1413 gatio
140 1362 237 1400 manere
247 1349 325 1402 debet.
339 1350 384 1400 sad
399 1353 491 1414 propter
504 1352 548 1402 troc
561 1350 719 1414 obligabantur
728 1351 873 1404 hominesati

69 1420 239 1472 matrimonium
258 1420 355 1484 antiquo
373 1424 489 1484 tempure,
507 1435 536 1472 na
551 1421 709 1485 multiplicatio
721 1421 816 1472 humani
831 1434 874 1484 ge·

69 1492 128 1544 neria
138 1495 253 1543 cessaret.
273 1491 333 1542 Cium
344 1503 399 1556 argo
407 1493 450 1544 huc
461 1491 522 1544 idem
534 1497 652 1557 aequatur,
667 1491 686 1542 ει
698 1491 794 1554 quilibet
802 1488 882 1544 libera*

69 1564 168 1628 patrata
182 1563 329 1616 matrimonio
346 1565 469 1628 absumere,
484 1565 574 1616 videaur
585 1562 645 1628 quiri
659 1563 828 1626 matrimonium
844 1563 876 1614 sii

69 1636 235 1702 inpreceptn.

101 1709 297 1770 scamnorum,
308 1709 370 1770 quod
381 1709 461 1760 dicitur
474 1711 500 1760 1,·
510 1710 580 1772 Com,
593 1709 648 1758 vii:
662 1709 727 1766 «Qui
742 1707 876 1772 conjungit

72 1779 217 1830 matrimonio
227 1779 340 1841 virginem
352 1791 430 1842 sunm,
447 1779 528 1830 meliis
542 1779 635 1842 facian
651 1777 738 1828 sciticei
752 1778 820 1842 quim
834 1777 876 1841 qui

69 1849 152 1913 iungit.
171 1851 234 1914 Ergo
251 1853 382 1901 annuamus
403 1849 542 1901 matrimonii
561 1863 623 1901 nunc
642 1863 687 1901 uon
704 1853 739 1900 εει
758 1851 801 1900 εει
817 1861 876 1914 prac-

104 1995 235 2056 arctarer,
248 1993 304 2044 uuiti
316 1993 410 2044 debetur
429 1991 548 2055 praemium
560 2005 602 2057 pro
615 1991 795 2056 transgressione
813 2004 878 2054 prm·

74 2063 145 2128 cepti.
163 2065 210 2115 Sed
221 2063 348 2127 uirginibus
362 2064 455 2115 debetur
467 2064 566 2126 speciale
585 2063 720 2128 praemium,
734 2062 820 2113 scilicet
836 2075 877 2112 au·

73 2135 144 2186 reoia.
160 2136 221 2199 Ergo
236 2134 404 2186 matrimonium
418 2147 463 2186 nun
476 2139 512 2186 εει
528 2135 570 2186 εει
582 2140 704 2199 precepto.

105 2207 266 2267 (Concnnsno.
284 2233 315 2244 -
337 2206 389 2256 Non
409 2209 515 2256 tenentur
534 2207 639 2256 homines
659 2219 688 2254 ex
710 2207 824 2268 praecepto
848 2203 877 2254 ad

73 2277 255 2327 contrahendum
274 2275 450 2339 matrimonium,
463 2275 515 2327 cium
529 2276 599 2326 uitam
613 2275 812 2338 contemplativam
825 2271 876 2324 im·

73 2347 170 2411 pediat,
186 2347 223 2397 cui
242 2351 318 2398 tamen
331 2347 432 2410 aliquos,
450 2348 479 2398 ad
492 2349 599 2398 humane
617 2344 767 2397 multitudinis
783 2345 878 2410 periec-

13 2457 15 2486 3
71 2419 167 2482 monem,
183 2432 267 2470 vacare
280 2418 401 2484 oportet.)

101 2490 242 2554 Respondeo
258 2491 395 2550 meandum,
406 2489 466 2553 quod
485 2495 569 2541 natura
580 2489 676 2540 inclinat
690 2489 717 2540 ad
732 2489 816 2552 aliquid
836 2489 879 2538 du·

72 2561 162 2625 pliciter
175 2577 182 2612 r
198 2575 245 2612 uno
256 2563 337 2626 morio,
348 2563 408 2612 aicut
420 2563 449 2613 ad
467 2563 491 2612 id
500 2563 560 2626 paud
574 2566 610 2612 est
622 2559 775 2612 necessarium
789 2562 880 2624 anper⁴

71 2633 196 2685 Manem
216 2633 299 2697 unium
312 2639 336 2686 ει
357 2635 410 2684 tatia
432 2634 548 2686 inclinatio
563 2633 806 2698 quemlibeirobligau
824 2633 882 2696 quie

13 2751 14 2778 1
73 2707 188 2756 naturales
204 2706 359 2769 perfectiones
381 2707 486 2757 omnihus
505 2707 559 2756 nunt
579 2716 721 2755 communes.
739 2705 790 2754 iiio
811 2704 887 2758 mede

13 2793 14 2856 p
72 2778 166 2831 iaciinai
181 2779 209 2828 art
222 2779 309 2842 atquin
322 2779 381 2842 quoi
393 2782 429 2830 εει
440 2778 593 2830 neceesarium
603 2778 632 2827 ad
646 2777 811 2840 perfectionem
821 2776 881 2825 mut·

13 2857 14 2870 ¹
72 2850 184 2902 u'indinis.
200 2851 229 2900 Et
243 2849 297 2900 ciam
319 2850 390 2900 muita
409 2849 455 2899 sint
471 2848 603 2913 nujrrsmodi
625 2862 721 2911 quorum
741 2861 813 2897 unum
834 2847 880 2895 im-

71 2921 134 2984 pedit
146 2921 223 2984 alind3
233 2934 270 2972 aa·
283 2919 324 2970 tuti
337 2919 484 2971 iueiirratione
502 2931 549 2968 non
568 2919 681 2982 obligatur
696 2918 794 2982 qualibet
809 2917 881 2967 homo
