1968 3294
157 211 204 258 638
293 209 491 260 SUPPLEEENW,
507 209 599 258 QUAEST·
616 210 677 261 ¹011,
695 211 751 250 ΑΜ.
766 209 801 248 Π.

151 291 213 336 uuuc
227 284 286 336 circu
299 299 342 337 uos
359 299 400 350 per
410 299 488 337 eorum
502 287 604 338 ordinatu
616 285 742 338 ministeriu
757 287 907 348 exercentur,
918 288 943 334 ut

150 359 212 418 patet
229 355 295 407 etium
310 369 350 420 per
362 357 464 408 Glossum
477 356 568 408 ibidem.

414 535 569 586 nunrconos
582 533 614 598 to
627 533 670 600 (ε).

175 662 216 706 An
225 661 343 707 beatitudo
352 664 489 708 sanctorem
498 663 530 734 sit
541 663 713 768 mnpkorfotoro
728 667 781 718 pom
792 659 917 718 judicium

465 733 536 782 quone
551 737 582 769 cn
593 737 613 770 e.

149 856 152 866 “
177 853 213 904 td
225 857 328 918 mertum
341 853 374 904 sic
390 853 525 916 proceditur.
537 851 634 904 Videtur
647 851 706 918 qubd
717 853 838 904 beatitudo
851 857 939 905 sancto

147 937 198 976 rum
212 936 258 976 uon
272 925 301 974 sit
313 925 386 988 major
404 925 477 974 tutum
494 927 546 988 post
562 924 670 988 judicium
690 924 756 988 quim
771 928 836 976 aute.
853 925 939 984 Quanto

148 995 207 1046 enim
222 995 306 1060 aliquid
326 995 399 1058 magis
420 993 505 1046 accedit
519 995 546 1045 ud
560 991 730 1044 militudinem
745 995 864 1056 divinum,
879 997 939 1045 ιεειι

147 1066 268 1130 perfectibs
279 1066 440 1117 beatitudiuem
449 1065 574 1130 participat.
590 1065 636 1116 Sed
649 1065 724 1114 anima
736 1064 749 1115 b
762 1079 859 1130 corpore
873 1080 937 1131 sepu-

147 1140 213 1199 ratn,
228 1137 274 1188 beo
287 1137 382 1188 similior
400 1141 448 1198 εει,
464 1135 529 1199 quim
550 1135 638 1200 corpori
650 1137 780 1199 conjuncte.
796 1138 857 1200 Ergo
872 1139 938 1200 major

148 1211 184 1256 εει
202 1209 252 1270 ejus
265 1207 379 1257 beatitudo
391 1211 445 1257 unte
463 1206 563 1269 corporis
574 1206 751 1269 resumptionem
765 1207 837 1270 quum
851 1212 909 1272 post.

181 1280 206 1328 ε.
222 1278 346 1339 Ρεειεεεε,
362 1292 376 1324 u
388 1275 458 1326 virtus
471 1277 536 1326 unita
549 1275 621 1339 magis
634 1279 670 1327 est
684 1279 774 1340 potens,
787 1277 858 1341 quim
866 1277 938 1327 mutti-

150 1347 266 1410 plicata.»
281 1347 325 1398 Sed
334 1348 410 1398 uuimu
423 1350 485 1398 extra
496 1358 578 1410 corpus
596 1350 632 1396 εει
643 1347 715 1410 magis
727 1347 793 1397 unito
805 1347 877 1411 quim
891 1349 936 1398 rbm
970 1389 971 1408 t

148 1420 184 1466 est
195 1417 284 1481 corpori
298 1417 430 1481 conjunctu.
443 1417 500 1480 engo
514 1417 650 1481 virtusejus
666 1421 703 1466 εει
716 1415 790 1480 major
804 1418 833 1467 nd
847 1431 937 1482 eperun-
970 1421 971 1494 t

78 1523 80 1530 .
149 1487 213 1550 dum3
230 1492 254 1538 et
271 1488 305 1538 itr
316 1486 437 1552 pertectibs
455 1486 616 1538 beatitudinem
631 1487 764 1552 participet,
776 1501 829 1552 qum
846 1489 872 1538 iu
891 1492 935 1539 adu

148 1559 260 1608 consistit.
489 1559 491 1566 '

180 1633 204 1678 ι.
216 1631 342 1694 orntum,
357 1631 471 1694 beatitudo
490 1631 592 1682 consistit
604 1630 629 1680 iu
641 1635 692 1682 actu
708 1630 841 1682 intellectus
856 1645 936 1698 specu
970 1635 971 1672 ἰ

148 1699 219 1750 latini.
232 1701 275 1752 Sed
287 1702 414 1752 intellectus
427 1701 452 1751 in
461 1713 502 1752 suo
513 1704 564 1751 cetu
578 1715 624 1752 uon
637 1703 708 1752 utitur
720 1713 805 1766 organo
815 1702 933 1767 corporati
970 1709 971 1720 ¹

148 1771 215 1822 etsie
232 1785 314 1835 corpus
325 1777 465 1836 resumptum
478 1783 523 1821 nnn
541 1772 623 1822 efficiet
635 1777 661 1822 ut
675 1773 750 1822 anima
767 1773 894 1836 periectibs
905 1774 935 1822 iu·

147 1841 242 1904 tettigat.
257 1842 314 1903 Ergo
328 1843 442 1892 beatitudo
458 1840 541 1892 -uuime
555 1854 603 1892 nou
614 1841 658 1892 erit
674 1843 747 1904 major
759 1847 811 1905 post
824 1857 935 1894 resurree-

146 1909 230 1960 tionem
242 1923 309 1973 qoam
326 1917 388 1962 εειε.
970 1937 971 1988 p

179 1983 202 2031 ι.
218 1981 329 2032 Praeterea
338 2018 345 2044 ,
355 1981 444 2034 intuitu
458 1995 505 2034 unu
518 1985 652 2047 potestesse
671 1981 756 2046 aliquid
770 1984 857 2046 majur3
871 1987 895 2034 ει
906 1983 935 2033 ite
970 1989 971 2046 ξ

147 2049 259 2101 infinitum
278 2063 328 2102 eum
346 2051 422 2115 utiquo
437 2051 501 2104 finito
517 2065 563 2104 nou
578 2053 634 2103 iecit
652 2053 727 2116 mutuo
740 2052 810 2115 qubm
823 2053 934 2104 intuitum
970 2055 971 2066 ¹

146 2123 232 2184 ipsum.
246 2121 291 2173 Sed
305 2121 380 2172 antina
391 2123 459 2174 trente
468 2128 521 2176 aute
534 2123 634 2189 corporis
645 2123 823 2188 resumptionem
837 2125 935 2176 bemiru·
970 2141 971 2160 ι

147 2193 223 2244 dinem
236 2191 303 2242 bubet
313 2192 340 2244 de
351 2191 461 2256 becquod
474 2195 555 2256 gaudet
565 2195 593 2245 de
601 2195 661 2246 bono
671 2195 770 2255 inbuite,
781 2194 872 2246 scilieet
880 2197 932 2257 bem

146 2266 200 2324 pust
214 2261 398 2313 resurrectionem
412 2266 487 2314 cutem
501 2265 600 2328 corperis
614 2278 659 2315 unu
674 2265 763 2316 bubebit
783 2266 811 2315 de
828 2265 873 2316 ulio
883 2279 934 2330 puu-

147 2329 224 2390 dium‚
237 2331 281 2382 nisi
292 2331 350 2382 torte
366 2332 393 2383 de
407 2333 477 2396 gioria
490 2337 599 2399 corporis,
613 2337 672 2399 quod
682 2339 718 2386 εει
731 2335 814 2388 bonum
824 2338 933 2402 meddam
970 2351 971 2404 t

146 2403 245 2452 finitum.
256 2403 314 2466 Ergo
324 2403 429 2464 goudium
439 2417 515 2456 eorum
526 2409 577 2471 post
590 2406 690 2471 corporis
700 2405 877 2474 resumptionem
890 2421 934 2460 uon
970 2411 971 2474 ι

145 2473 191 2522 erit
202 2471 348 2535 majusqubm
365 2479 426 2526 unte.

178 2540 224 2592 Sed
236 2545 312 2593 contre
321 2546 370 2609 εει,
384 2544 444 2607 quod
458 2547 545 2610 Apum,
554 2543 602 2608 Vt,
613 2559 682 2611 super
692 2547 760 2610 iliud,
771 2565 785 2594 u
793 2547 850 2598 Vidi
857 2549 934 2598 rubim

970 2665 971 2694 i

186 2705 218 2767 tt)
232 2709 297 2756 Prius
310 2717 391 2768 quest
404 2711 434 2757 93
444 2711 492 2758 sire
504 2709 534 2756 95
545 2711 859 2770 priorumtemporum
870 2713 933 2760 nodo
970 2739 971 2760 ;

149 2767 189 2826 et,
204 2777 297 2828 propter
310 2773 366 2818 duas
377 2775 399 2816 in
411 2785 479 2820 unum
487 2777 535 2831 turn
549 2773 670 2826 conflatus:
681 2775 735 2830 quid
745 2776 806 2820 enim
817 2781 868 2822 erut
880 2787 934 2831 epm
970 2771 971 2808 ἲ

147 2829 208 2874 bunc
229 2835 351 2889 seperatim
375 2835 516 2894 inscribere,
535 2835 568 2881 Dr
590 2835 739 2882 mutuom
756 2837 900 2884 Sanctorum
915 2843 933 2882 ει

149 2904 232 2938 eunom
245 2895 428 2941 mansionibus?
479 2914 482 2920 ¹
