1924 3322
298 191 330 228 nu
345 187 548 228 unsununcurouu.
775 177 821 225 tto

22 265 89 318 oculis
100 265 258 329 subtrahitur,
274 272 297 317 et
308 279 385 318 rureus
399 266 464 330 quasi
477 261 615 328 resurgendo
627 267 783 328 revocatur3u
800 269 824 315 et

22 339 176 400 taurinatis,
191 354 205 386 o
218 353 267 402 que
285 338 423 389 viriditatem
437 338 561 397 amittunt,
575 339 599 386 ot
611 349 690 386 rureos
702 335 769 398 quasi
784 348 822 385 re·

21 409 137 474 surgentia
149 415 297 475 reparantor;
310 427 324 457 u
339 413 364 462 et
376 410 405 460 de
419 409 559 472 seminibus,
576 421 651 472 «qua
668 408 824 471 putrescentia

20 483 158 542 moriuntur,
176 485 199 531 ot
214 495 292 532 rursus
306 481 453 546 germinando
472 480 638 544 quodammodo
658 483 796 542 resurgunt3
807 495 822 526 u

20 553 75 615 quoi
89 554 165 604 etiam
175 555 304 617 exemptum
318 553 440 617 Apostolus
450 553 524 616 ponit,
536 553 555 602 1.
566 553 636 612 Cor„
647 551 695 602 XV.
710 551 755 601 Sed
767 549 825 602 nihii

19 628 93 685 potest
104 639 136 676 ex
152 625 294 676 naturatibus
304 624 410 689 operibus
422 623 508 674 ratione
517 624 641 688 cognosci,
652 623 697 674 uisi
710 622 821 673 naturale.

20 695 73 758 Ergo
91 697 235 748 resurrectio
248 697 291 748 erit
306 697 425 748 naturalia.

49 773 70 815 3.
85 770 220 831 preterea,
230 768 267 818 iiia
277 782 328 832 que
338 773 392 820 suut
400 771 482 832 preter
493 769 598 818 naturam
607 804 614 830 ,
624 779 670 817 noo
681 766 751 818 multo
765 769 824 816 teur-

20 851 69 900 pore
86 844 201 904 manent,
213 840 267 904 quia
276 844 331 890 aunt
340 840 407 904 quasi
421 838 531 890 uiolenta.
545 839 590 890 Sed
607 838 653 888 vita
668 851 718 903 que
735 851 778 902 per
787 851 824 888 re·

22 911 185 962 surrectionem
195 913 345 977 reparabitur,
355 912 494 963 iueteruuuu
503 911 679 974 monuitnrgo
688 910 824 962 resurrectio

22 982 61 1031 erit
74 985 200 1036 naturalis.

48 1058 70 1104 t.
89 1056 290 1120 Praeterea,iilud
304 1057 332 1106 ad
346 1057 406 1122 quod
415 1059 464 1106 tota
474 1059 561 1106 nature
573 1054 702 1120 expectatio
716 1053 824 1116 intendit,

21 1127 116 1178 unanime
130 1129 226 1178 uidetur
243 1141 293 1178 esse
310 1128 421 1178 naturaie.
436 1127 481 1178 Sed
500 1128 635 1178 resurrectio
652 1130 676 1178 et
692 1125 824 1190 glorificatio

20 1201 149 1248 raucorum
170 1203 206 1250 est
226 1199 371 1263 hujusmodi,
391 1203 417 1249 ut
430 1202 492 1264 petat
507 1200 587 1257 item„
606 1198 671 1260 Viti,
686 1195 822 1248 ubidicitur

21 1267 77 1328 quid
92 1270 250 1334 «expectatio
266 1273 373 1320 creaturae
388 1269 552 1320 revelationem
569 1267 666 1319 tiorum
679 1268 719 1318 Dei
737 1279 824 1332 expeu·

22 1343 83 1400 tatu
99 1343 146 1392 ato·
168 1343 228 1406 Ergo
242 1342 377 1392 rerurrectio
388 1342 432 1392 erit
448 1340 566 1392 naturalis.

50 1416 72 1462 5.
86 1414 222 1476 preterea,
237 1413 372 1464 meouectio
390 1417 425 1464 est
444 1415 519 1464 notua
535 1412 626 1476 quidam
646 1412 673 1462 ad
691 1414 825 1477 perpetuant

24 1483 210 1546 conjunctionem
227 1485 345 1536 animract
361 1485 471 1550 corporis.
484 1485 530 1536 Sed
549 1488 624 1535 motus
642 1487 679 1533 est
694 1481 826 1544 naturalis,

24 1554 58 1615 qui
70 1556 211 1607 terminatur
225 1557 252 1606 ad
267 1556 368 1620 quietem
385 1557 511 1608 naturalem
520 1594 526 1619 ,
535 1560 561 1606 ut
573 1558 637 1620 patet
646 1555 671 1605 iu
682 1555 710 1603 V.
723 1553 823 1618 Proprie.

25 1628 98 1689 (text.
109 1630 160 1692 62)
171 1633 297 1694 ;perpetua
307 1632 383 1679 auteur
395 1627 528 1692 conjunctio
538 1627 620 1678 anino
632 1629 655 1676 et
667 1625 768 1690 corporis
781 1623 827 1678 erit

25 1700 146 1766 naturalis,
167 1701 222 1764 poia
235 1699 287 1751 cium
301 1700 375 1751 auiuaa
390 1699 420 1750 aii
433 1699 537 1764 proprius
554 1702 620 1749 actus
631 1697 740 1764 corporis,
757 1696 826 1746 habet

26 1767 63 1817 sibi
75 1783 163 1836 corpus
177 1771 390 1836 proportionatum
406 1774 429 1822 et
442 1770 475 1822 ita
486 1770 658 1834 inperpetuum
670 1771 706 1819 est
719 1767 827 1819 oinuiliter

26 1838 160 1894 uiuificabilc
181 1844 209 1894 ao
226 1844 292 1908 ipsa,
307 1843 367 1893 aient
379 1843 431 1906 ipsa
446 1840 472 1892 iu
486 1845 622 1906 perpetuum
636 1840 703 1892 uiuit.
719 1840 777 1904 Ergo
791 1852 827 1892 re·

26 1915 131 1966 ranerio
147 1914 192 1967 erit
207 1913 328 1965 naturalia.

54 1983 97 2036 Sed
113 1992 197 2039 contra
212 2003 218 2036 ι
236 2004 250 2035 <a
262 1985 275 2040 t
288 1985 416 2051 priuatione
432 1985 456 2036 in
473 1985 576 2036 habitum
595 1997 642 2036 non
661 1983 687 2034 tit
708 1995 826 2046 regressus

28 2058 149 2110 ouuuuum
165 2063 304 2110 naturam.»
318 2058 362 2108 Sed
373 2062 478 2108 moreest
490 2054 589 2122 priuatio
603 2055 665 2106 uitee.
681 2056 740 2118 Ergo
753 2067 828 2104 resur·

28 2129 106 2193 rectio,
125 2131 247 2197 perquam
261 2134 297 2180 est
308 2130 396 2180 reditus
408 2131 436 2180 de
450 2133 522 2180 morte
536 2129 565 2180 ad
582 2128 664 2188 vitam,
681 2130 773 2176 nonest
786 2137 826 2174 ua·

29 2199 113 2252 iuratis.

56 2271 183 2335 Praeterea,
199 2287 226 2324 ea
236 2287 287 2338 que
300 2275 354 2324 aunt
366 2271 434 2322 unius
446 2272 549 2337 speciei,
564 2283 634 2321 uuum
645 2268 730 2320 habent
747 2266 828 2318 ieter·

30 2339 136 2396 minatum
149 2347 242 2396 modurn
256 2344 366 2408 originis3
383 2344 444 2393 unde
459 2341 568 2392 animalia
581 2341 783 2404 progenerantur
797 2349 827 2386 ea

29 2415 189 2471 putrefactione
202 2415 361 2480 (naturaiiter)
375 2419 437 2464 etex
454 2413 555 2474 semiue,
564 2423 682 2472 nunquam
699 2412 752 2459 sunt
766 2409 829 2471 ejur-

31 2482 77 2534 deur
90 2489 194 2552 speciei,
209 2492 234 2538 ut
245 2487 300 2538 dicit
310 2487 481 2537 commentator
493 2487 519 2535 iu
532 2484 591 2534 Vllt.
611 2481 709 2541 Plrpeic.
727 2481 771 2531 Sed
785 2492 827 2529 na·

31 2555 107 2610 iuratis
118 2561 198 2612 modus
207 2573 253 2624 quo
266 2558 430 2620 horreantur,
445 2561 481 2608 est
491 2555 606 2621 generatio
618 2552 668 2616 ejus
679 2565 708 2602 ex
719 2551 789 2602 siniti
803 2551 827 2602 in

32 2629 118 2694 aperie,
128 2633 190 2696 quod
199 2644 246 2681 uon
258 2629 301 2681 erit
311 2629 336 2678 io
345 2629 518 2680 rerurrectione.
528 2628 587 2689 Ergo
598 2623 696 2675 nouerit
707 2623 825 2675 naturalis.

61 2699 330 2760 (Conconne-Cim
348 2705 429 2750 natura
445 2695 619 2750 resurrectionis
628 2695 765 2760 principium
775 2707 826 2746 esee

33 2780 135 2837 nequeat,
144 2774 280 2827 resurrectio
292 2773 426 2836 simpliciter
439 2769 575 2822 nriraouiosa
587 2769 701 2818 censenda
719 2771 768 2830 est3
785 2779 824 2816 ua·

36 2841 106 2896 turaiis
121 2848 177 2900 uero
191 2860 236 2898 uon
244 2883 254 2911 ,
267 2845 313 2896 nisi
330 2844 456 2896 secundina
474 2841 528 2910 quial
547 2844 659 2906 quatenus
670 2839 779 2890 nimirum
799 2838 827 2890 ad

35 2911 100 2970 ritarn
113 2925 194 2974 natura
207 2917 364 2988 terminatur.)
416 2975 418 2978 ,
