1970 3326
271 191 302 230 ΒΕ
318 190 387 231 BONIS
402 189 553 230 ΙΔῚἩΠΟΗΙΙ.
783 187 812 230 67

41 265 86 316 riam
99 267 155 332 quod
169 266 216 319 sibi
230 266 327 319 invidam
341 267 443 318 debitum
461 267 571 331 roddant3
592 271 616 320 et
634 269 678 319 laon
693 267 760 320 atiani
781 273 815 319 est

39 340 171 404 principalius,
183 340 239 391 cum
255 342 363 404 sequatur
379 352 408 389 ax
424 338 474 403 ipsa
492 343 571 390 mutua
589 342 701 403 potestate
715 339 815 391 invicem

37 412 77 460 latr.
86 413 112 462 lit
123 413 175 463 idao
190 414 315 476 utrumque
329 410 447 474 adpictum
461 409 569 475 perlinat.
584 411 630 462 Sad
645 411 669 461 in
686 411 744 462 libro
755 413 815 462 Sen-

24 491 25 506 ι
39 484 150 533 ruiturum
163 483 262 546 ponitur
282 482 338 533 illud
352 483 413 546 quod
429 485 463 532 est
475 481 549 534 minis
564 482 719 534 manifestum.

55 555 194 618 liquantum
215 553 352 614 dicandum,
365 551 423 616 quod
438 553 462 603 in
477 557 673 605 sacramentonum
689 554 762 606 solim
776 555 812 604 iu·

36 625 132 688 illiganda
144 630 182 678 ast
198 625 324 686 indivisio,
335 625 377 676 sed
388 623 463 676 omnia
472 625 510 676 illa
520 639 571 688 qum
583 630 752 690 consequuntur
765 639 815 679 raa-

38 697 138 748 irinouium
160 711 191 748 ax
207 699 255 748 hoo
269 695 331 762 quod
351 698 387 748 est
403 697 491 761 signnm
508 697 675 760 conjunctionis
691 697 778 748 Christi
791 702 815 748 at

35 767 181 820 [unuslaisi
201 769 344 832 dicundum,
366 767 425 832 quod
441 767 516 820 unitas
534 782 602 832 quam
617 769 717 834 objectio
743 768 815 834 tangit

23 841 109 902 rpoiiinat
126 843 153 894 ad
168 842 265 904 fidem,
281 841 341 892 sicut
354 839 461 893 indivisio
475 842 504 892 ad
517 844 714 892 sacromentum.

55 913 81 961 nd
96 913 202 976 quintum
224 913 361 975 dicendum,
372 911 432 977 qnod
445 913 509 976 fides
527 925 573 964 non
592 913 702 978 accipitur
718 914 755 966 hle
771 926 813 977 pro

36 984 89 1048 ripun
97 987 197 1048 uirtute,
209 986 254 1038 sod
263 997 305 1050 pro
315 985 412 1049 quadam
423 985 553 1037 conditione
567 984 658 1036 virtutis
666 997 696 1038 ex
704 997 749 1050 qua
759 985 815 1038 udas

38 1055 148 1120 nominatur,
161 1071 214 1123 qum
227 1056 323 1122 ponitur
336 1069 390 1120 pars
401 1055 506 1120 justitia.

55 1128 80 1176 id
93 1132 181 1180 sentum
194 1128 328 1189 dicandum,
346 1126 420 1190 qnod,
434 1125 493 1178 siout
511 1127 599 1178 debitus
610 1141 666 1178 usus
681 1127 735 1179 boni
750 1129 815 1180 utilis

37 1198 97 1262 arripit
107 1202 221 1254 rationem
234 1198 344 1260 honesti,
354 1211 400 1250 uon
411 1197 501 1262 quidem
513 1209 542 1250 ox
555 1198 614 1259 utili,
626 1199 666 1250 sed
677 1212 705 1249 au
716 1199 816 1262 rationo,

37 1283 71 1330 pun
80 1277 160 1324 reolum
176 1286 249 1324 nsum
263 1270 333 1334 faoit;
343 1269 376 1320 ita
388 1270 455 1320 etiarn
465 1269 577 1322 ordinatio
590 1271 619 1320 ad
631 1269 722 1334 aliquod
732 1270 817 1322 bouum

36 1341 161 1407 rtlnpotest
180 1346 262 1396 iacere
275 1343 401 1394 bonitatem
415 1341 553 1404 honestatis,
568 1354 597 1391 eu
611 1341 634 1390 ui
647 1341 741 1392 rationis
752 1342 816 1393 debi-

38 1417 247 1470 inordinationem
266 1413 381 1466 facientis.
396 1415 425 1464 Et
445 1415 488 1465 hoo
507 1413 575 1464 modo
594 1411 779 1474 matrimonium,
790 1425 818 1463 eu

38 1483 65 1533 ion
74 1487 127 1549 quod
146 1487 273 1540 ordinatur
286 1484 315 1536 ad
328 1485 429 1549 prolem.
447 1485 502 1537 utile
513 1487 562 1549 ast,
574 1487 598 1536 ai
615 1481 764 1534 nihilomiuus
778 1483 819 1534 ho·

38 1555 104 1608 dasium
111 1597 119 1622 ‚
131 1559 156 1610 in
170 1562 289 1623 quantum
299 1556 376 1610 debita
390 1556 514 1608 ordinatur.

58 1629 83 1678 id
93 1629 363 1696 septimum'dicaudum,
376 1627 444 1694 quod,
459 1629 517 1680 siout
531 1630 641 1692 magister
652 1627 716 1689 dicit,
729 1626 783 1677 dist.
795 1631 818 1689 ι,

38 1701 62 1750 li.
71 1704 273 1762 Sententiarum,
284 1704 473 1752 sacramentum
487 1713 534 1751 uon
547 1701 628 1751 dicitnr
637 1701 676 1750 liin
687 1700 762 1762 ipsum
772 1713 820 1750 ma·

39 1773 155 1841 timonium,
173 1777 216 1828 sed
235 1773 438 1838 inseparabilitatis
456 1774 522 1838 ejus,
535 1785 586 1836 quas
605 1771 709 1835 ejusdem
728 1779 765 1822 ast
785 1771 819 1822 rei

39 1846 113 1908 signum,
124 1850 191 1913 cuius
204 1850 245 1898 est
255 1845 433 1896 matrimonium.
444 1845 486 1896 Vol
496 1844 615 1896 dicandum
630 1841 699 1905 dudd,
712 1844 819 1904 quamuis

39 1917 182 1971 matrimonium
202 1919 236 1972 sit
257 1919 437 1978 sacramentum,
454 1919 531 1968 tnrnen
549 1913 607 1966 alind
628 1917 663 1966 est
677 1913 820 1966 matrimonio

40 2000 75 2038 roe
83 1991 257 2054 matrimonium,
268 1993 293 2041 et
303 1989 367 2042 alind
378 1992 414 2040 est
425 1989 447 2040 ei
456 2001 507 2040 asse
519 1990 695 2050 sacramentnm,
706 1985 759 2049 quin
772 1999 818 2037 nou

39 2057 91 2109 solim
104 2063 130 2112 ad
143 2064 188 2114 lnoo
211 2067 248 2114 ast
261 2061 393 2112 institutum
406 2064 432 2111 ιιι
445 2060 475 2110 sit
490 2061 515 2110 in
529 2058 619 2123 siguum
634 2057 666 2108 rei
682 2069 751 2108 sacru
758 2093 766 2121 ,
780 2058 820 2107 sed

39 2130 165 2186 indulsit
179 2134 206 2184 iu
220 2131 325 2185 oiiioium
339 2134 435 2183 natata.
451 2132 481 2181 Ει
495 2131 547 2182 ideo
558 2128 767 2182 ratiosacrnmeuti
784 2131 820 2180 ast

40 2203 119 2260 liddam
135 2206 240 2258 conditio
259 2203 387 2256 adveniens
400 2203 544 2254 matrimonio
564 2201 689 2254 secundina
703 2214 727 2250 sn
743 2199 820 2250 oonsi-

39 2272 104 2336 dnralu
120 2291 148 2328 ax
165 2291 213 2342 quo
226 2277 299 2330 otiam
310 2276 455 2326 honoslatam
469 2275 547 2326 habet.
562 2275 591 2326 lit
602 2273 653 2324 ideo
664 2273 821 2322 sacramenta·

40 2340 77 2394 itas
91 2349 153 2412 aius,
164 2353 192 2400 ut
208 2350 242 2401 iia
259 2347 336 2399 dinam
344 2383 353 2410 ,
362 2346 453 2409 ponitur
464 2347 525 2399 inter
540 2347 600 2398 loun
619 2341 765 2396 irouostantia
775 2355 823 2394 ma·

42 2416 162 2485 trimoniunr;
179 2427 204 2474 at
216 2418 348 2474 secundnm
363 2418 406 2468 hoc
420 2418 445 2468 in
458 2418 525 2470 lertio
538 2418 599 2468 bono
613 2413 763 2474 matrimonii,
779 2413 823 2464 sri-

41 2484 77 2538 iirei
89 2498 259 2552 sacramento,
275 2504 326 2544 uon
336 2488 410 2540 solinm
427 2489 561 2554 intelligitur
579 2485 769 2552 inseparabilitas,
782 2487 823 2538 sad

44 2559 94 2614 eiiam
105 2565 177 2618 omnia
191 2580 245 2632 qum
261 2565 291 2616 ad
306 2559 495 2626 significationem
512 2561 587 2626 ipsius
600 2557 722 2623 pertinent.
