2024 3328
127 203 795 260 nunrsrrurrarumuurusuuararmenoriumrnrunrrr.
815 205 860 254 183

69 287 126 340 idem
139 290 249 354 iudicium
257 292 379 344 estdelroe
389 295 413 342 et
424 292 452 344 de
465 291 504 344 illo
517 291 556 355 qui
567 293 643 358 plures
655 305 740 346 uxores
752 291 861 357 habebat,

68 363 119 424 quia
141 365 231 413 tenetur
245 362 354 428 prinam,
366 377 434 427 quam
449 364 622 430 repudiaverat,
637 364 754 432 accipere,
772 365 793 417 si
808 379 864 418 cou-

68 433 126 484 uerti
139 433 250 500 uoluerit,
264 438 287 488 et
305 434 372 486 aliam
386 435 495 498 abiicere.

271 612 273 622 '
349 615 511 668 laurentus
529 616 569 668 IV.

15 775 16 786 ,
75 742 161 790 Uirium
169 743 253 799 Jldelie
266 756 391 792 conversor
409 747 481 802 possit
496 757 595 791 acorem
613 745 733 804 infidelem
744 745 864 792 dimittere

155 805 272 852 volentem
280 806 414 856 cohabitare
428 808 478 854 aiae
487 807 631 854 corutumelio
643 809 773 854 (locatorio.

97 939 131 989 lld
143 941 248 1002 quadum
265 938 299 988 sic
317 937 456 1003 proceditur.
470 938 566 990 Videtur
581 939 643 1002 quiid
656 938 728 991 fidelis
740 951 863 990 conuersus

66 1022 112 1060 uon
127 1009 201 1074 possit
216 1022 310 1061 uxorem
325 1009 440 1061 infidelem
462 1009 575 1060 dimittere
596 1010 710 1062 uolentem
732 1010 863 1062 cohabitare

66 1081 115 1132 sine
128 1074 267 1132 contumelia
280 1080 403 1133 crealoris.
421 1082 493 1146 Majus
512 1081 576 1132 enim
592 1086 628 1133 est
641 1083 758 1134 vinculum
776 1082 820 1132 uiri
835 1083 863 1133 ad

66 1153 194 1214 mulierem,
205 1152 272 1214 qulrn
283 1152 381 1208 seruiad
393 1152 518 1202 domiuum.
529 1152 574 1202 Sed
587 1165 667 1204 seruus
680 1165 803 1204 convorsus
819 1165 866 1204 uon

15 1219 17 1234 '
66 1222 192 1274 absolvitur
205 1221 343 1283 decapitatis
356 1223 465 1285 uinculo,
479 1227 506 1273 ut
516 1227 579 1288 patet
590 1224 609 1274 t.
625 1224 694 1280 Gor„
702 1225 749 1289 llll,
761 1226 785 1275 el
793 1225 812 1275 1.
825 1223 866 1274 Ti-

67 1295 203 1351 moto.,vt.
221 1294 280 1358 Ergo
296 1296 320 1345 et
337 1293 372 1344 uir
386 1293 460 1345 tidelis
479 1307 526 1345 nou
545 1299 734 1360 potententem
752 1295 865 1346 infidelem

66 1365 189 1416 dimittere.

96 1441 120 1488 e.
135 1437 267 1500 Praeterea,
284 1437 360 1488 nudus
375 1439 451 1502 polest
474 1436 538 1488 alteri
560 1435 715 1504 prejudicium
729 1437 803 1489 lacere
818 1435 867 1487 siue

66 1522 179 1560 consensu
189 1509 270 1574 ipsius.
281 1509 325 1560 Sed
335 1521 394 1560 uxor
403 1508 500 1559 infidelis
514 1509 613 1560 habehat
626 1510 664 1574 jus
678 1509 808 1574 incorpore
823 1507 868 1558 viri

64 1579 173 1632 iulidelis.
191 1579 215 1630 st
232 1592 286 1644 ergo
298 1593 339 1645 per
356 1581 400 1631 hoe
412 1579 471 1644 dudd
489 1579 525 1630 uir
536 1580 563 1630 ad
577 1580 646 1630 iidem
657 1580 806 1642 conuertitur,
818 1592 869 1630 mu·

66 1653 108 1704 lier
119 1651 278 1716 prejudicium
290 1651 338 1716 pati
356 1657 434 1716 posset
448 1654 493 1716 ,ut
505 1650 575 1702 libere
588 1651 748 1714 dimitteretur,
758 1663 805 1702 non
813 1664 866 1715 pee-

67 1727 103 1774 set
111 1723 148 1774 uir
164 1723 267 1774 conuerti
279 1724 307 1774 ad
320 1723 388 1775 fidem
399 1723 450 1774 sine
463 1735 576 1774 consensu
591 1722 686 1784 uxoris,
703 1720 762 1773 sieut
771 1735 814 1772 nee
823 1734 865 1786 pe-

67 1799 111 1848 test
123 1794 287 1858 ordinari,aut
300 1807 382 1847 uouere
396 1792 568 1856 continentiam,
583 1794 632 1844 sine
647 1806 759 1844 consensu
773 1795 834 1858 eius.
851 1793 853 1796 '

98 1871 122 1916 3.
136 1867 263 1930 Prmterea,
275 1866 296 1918 si
314 1866 396 1931 uliquis
407 1865 528 1917 contrahat
540 1877 591 1916 cum
601 1864 682 1916 aucdla
693 1865 805 1929 scienter,
818 1865 866 1916 siue

15 1965 16 1974 κ
66 1935 346 2002 suscipiendarum,
360 1949 407 1989 nun
416 1938 505 2001 polest,
519 1939 612 2000 propter
625 1935 738 1988 diversam
753 1935 866 1988 conditio-

66 2022 136 2072 nem,
153 2009 226 2072 ipsam
246 2008 375 2060 dimittere.
387 2007 444 2060 Cdrn
457 2019 511 2072 ergo
527 2007 579 2072 uir,
590 2007 679 2071 quando
692 2007 802 2058 contrarii
814 2021 865 2057 cum

63 2080 270 2145 iulidell,seiuerit
282 2087 334 2132 eam
349 2093 399 2132 esse
415 2080 547 2142 infidelem,
565 2079 663 2140 uidetur,
675 2079 688 2130 a
701 2079 789 2142 simili,
805 2077 867 2144 qudd

67 2151 200 2218 nonpossit
212 2165 263 2204 eam
276 2153 389 2204 dimittere
402 2155 493 2218 propter
509 2150 677 2202 infidelitatem.
738 2189 740 2194 .

97 2227 122 2274 i.
145 2223 277 2288 Praeterea,
291 2229 356 2288 pater
375 2225 464 2274 tenetur
487 2236 515 2273 ex
537 2221 612 2274 debito
632 2234 752 2286 procurare
772 2223 868 2274 salutem

67 2296 149 2360 prolis.
168 2294 231 2354 Sed,
250 2296 271 2346 si
289 2295 412 2348 discederet
432 2294 460 2345 ab
475 2292 560 2345 infideli
579 2305 664 2357 urere,
681 2293 721 2344 filii
738 2306 869 2346 communes

68 2367 136 2418 matri
152 2371 315 2428 remanerent,
330 2367 409 2430 quiae
424 2370 503 2430 partus
517 2364 620 2431 sequitur
635 2368 753 2428 ventrem3
767 2381 781 2412 n
799 2364 869 2416 etsie
951 2389 954 2406 r

68 2442 150 2490 essent
161 2437 186 2488 in
200 2437 301 2504 periculo
312 2438 400 2490 salutis.
417 2438 477 2500 urge
491 2449 538 2488 nou
549 2439 624 2502 petest
633 2434 694 2486 licite
706 2448 799 2488 uxorem
812 2435 869 2487 inii-

66 2511 141 2562 delem
155 2509 277 2562 dimittere.

95 2585 122 2633 e.
139 2583 265 2644 Preterea,
276 2579 362 2632 adulter
375 2593 421 2632 nou
433 2584 516 2645 petest
524 2581 648 2632 adulteram
662 2579 788 2642 dimittere,
799 2581 869 2632 etiam

66 2662 185 2716 postquam
200 2653 229 2706 de
247 2651 356 2704 adulterio
376 2652 532 2716 penitentiam
552 2653 614 2715 egit.
638 2652 713 2715 lirgo,
728 2652 748 2702 si
761 2652 792 2703 sit
808 2651 868 2704 idem

64 2723 177 2788 judicium
195 2727 224 2776 de
238 2724 340 2776 adultero
354 2726 378 2773 el
387 2723 485 2789 inildeli,
495 2737 537 2774 uec
549 2722 648 2774 infidelis
657 2721 772 2774 infidelem
792 2725 869 2787 polest
924 2743 927 2750 ·

15 2803 17 2812 ’
67 2794 210 2862 relinquere,
223 2797 292 2848 etiam
304 2796 426 2858 postquam
444 2796 472 2846 ad
484 2795 552 2846 fidem
566 2796 743 2848 esrceuveruu.
870 2802 873 2808 ’

97 2869 143 2922 Sed
156 2875 234 2924 eontra
250 2873 303 2932 est,
313 2868 373 2932 quod
386 2867 507 2934 apostolus
515 2867 582 2932 dicit,
592 2867 611 2922 l.
624 2867 696 2926 Gor..
707 2865 748 2919 llll
762 2865 806 2933 (ut
817 2866 867 2931 jam

67 2943 133 3010 supra
141 2944 160 3009 l.
