1954 3314
238 117 268 151 nn
283 116 487 153 ruenssrnrsrrllrs
503 117 646 166 conronurr,
665 118 718 154 nro.
831 109 872 154 tSl

68 191 228 254 surgentium,
242 189 330 240 sollloet
338 203 383 242 oon
395 191 429 240 uti
440 193 510 254 ciliis,
524 199 617 256 propter
627 206 718 242 rausero
731 193 871 256 praedictam.

68 263 99 310 Et
117 267 213 326 propter
227 262 271 310 hoc
285 262 341 312 ratio
354 275 400 312 eon
412 263 524 326 sequitur.

62 346 67 370 ³
99 335 137 382 hd
156 336 282 382 seeundum
295 334 430 395 piundum,
440 335 501 398 quod
515 336 643 386 differentia
663 349 757 385 seruum
771 339 795 384 ot
807 350 877 385 rueru-

65 405 166 454 hrorum
181 404 281 454 varietas
292 403 335 454 erit
347 407 374 454 ad
389 410 476 456 naturae
490 408 595 456 hnmanae
613 407 775 470 perlectionem
793 407 876 456 reinte-

64 477 183 536 grandam
192 515 200 539 ,
209 481 234 525 et
245 477 270 524 ln
288 475 362 540 specie
376 482 400 526 et
410 478 433 527 in
442 477 567 528 individuo.
578 479 642 529 Unde
649 492 695 530 non
705 478 808 540 sequitur
817 477 876 542 quod

65 547 120 595 sint
136 547 236 608 lurstra,
249 547 353 609 quamvis
366 547 476 598 auimales
497 548 645 611 operationes
658 549 740 599 desint.

102 617 137 666 Ad
153 618 243 669 tertium
256 615 374 668 dicendum
385 655 393 680 ,
405 619 465 680 quod
477 619 592 682 predictae
606 621 750 684 operationes
763 633 808 669 non
823 624 877 669 nint

67 687 175 738 hominis
186 689 210 737 in
219 696 329 752 quantum
344 692 379 740 ost
392 691 468 750 homo,
482 693 508 739 ul
521 691 588 741 etiarn
599 692 751 754 Philosophus
765 691 819 740 dicit
833 705 838 738 :
851 695 875 741 et

65 757 124 808 ideo
138 758 164 808 in
177 760 212 809 eis
222 773 267 810 non
281 760 387 810 oonsistil
400 760 515 812 beatitudo
529 761 625 811 hnmani
639 761 754 825 corporis3
765 761 804 812 sed
821 775 875 812 cor-

66 842 115 890 pus
134 829 260 878 humerum
280 828 443 880 beatificabitur
465 843 494 880 ex
514 831 663 882 redundantia
686 831 699 880 a
720 831 808 882 ratione
830 845 875 894 qua

67 901 142 950 homo
157 905 193 950 est
204 901 280 950 honlo.

101 971 138 1020 hd
153 975 259 1032 martum
273 970 407 1036 dioendunr,
418 973 478 1036 quod
492 974 653 1026 delectationes
666 975 804 1038 corporales,
814 974 874 1025 siunt

4 1079 8 1086 .
66 1042 127 1093 dioit
141 1041 292 1105 Philosophus
307 1045 330 1094 ln
346 1045 385 1095 Vll
397 1051 421 1096 ot
436 1045 454 1096 ll
471 1046 564 1099 attic..
580 1052 635 1097 sont
648 1045 807 1107 medicinales,
821 1046 873 1108 quia

66 1113 211 1163 adhibentur
225 1113 314 1164 homini
326 1117 355 1165 ad
374 1115 498 1166 tollendum
521 1117 653 1179 fastidium
668 1117 705 1167 vol
723 1116 791 1167 etiarn
805 1118 874 1178 augri-

67 1183 200 1244 ludinales,
215 1183 238 1233 in
252 1189 361 1248 otrentum
375 1187 398 1236 in
417 1187 452 1236 eis
465 1189 534 1238 homo
548 1186 676 1238 inordinate
690 1187 817 1238 delectatur
829 1223 835 1248 ,
847 1201 874 1237 ao

67 1256 90 1306 si
113 1258 195 1304 essent
213 1269 272 1306 reru
292 1257 472 1322 delectationes3
487 1259 546 1307 siout
563 1259 632 1308 horno
652 1258 739 1308 hahens
762 1258 872 1308 infertum

66 1333 182 1391 gustum,
196 1328 318 1378 delectatur
333 1330 357 1378 in
371 1329 570 1393 quibusdamque
585 1330 647 1379 sanis
663 1341 709 1379 nou
724 1333 778 1378 sunt
793 1330 875 1379 delen-

66 1397 160 1448 taoilla.
177 1400 206 1448 llt
220 1397 272 1450 ideo
283 1413 329 1452 non
348 1405 436 1463 oportet
454 1400 515 1462 quod
533 1401 590 1450 tales
605 1401 765 1450 delectationes
782 1400 828 1450 siut
845 1401 873 1450 de
900 1413 904 1426 ¹

66 1470 214 1534 perfectione
233 1471 430 1534 beatitudinis,ut
453 1473 528 1522 ludaei
550 1477 573 1522 el
593 1471 712 1522 Sarraceni
729 1477 835 1534 ponunt,
850 1477 874 1522 et

66 1541 167 1602 quidam
181 1541 283 1592 heretici
296 1549 423 1605 posueruut
436 1545 475 1606 qui
489 1547 599 1593 vocamur
612 1543 734 1593 chiliastae.
745 1543 790 1602 Qui
802 1543 872 1592 etiam

66 1611 200 1660 secuudum
214 1611 341 1662 doctrinam
362 1613 495 1675 Philosophi
513 1627 560 1663 uon
573 1613 678 1662 ridentur
694 1625 774 1666 sanum
788 1613 871 1660 hahere

67 1683 184 1732 affuturi
199 1698 206 1732 ε
220 1683 274 1734 solu
286 1683 347 1732 enirn
360 1685 521 1735 deleotetiones
534 1684 680 1747 spirituales,
696 1683 820 1735 serundlrrn
834 1683 871 1744 ip-

68 1769 136 1815 sum,
149 1759 204 1804 sunt
217 1753 349 1818 sirnplioiter
362 1755 533 1818 delectationes,
546 1761 570 1808 ot
584 1759 675 1819 propter
688 1769 713 1805 so
727 1754 870 1818 quareurlae3

67 1829 93 1878 et
104 1825 160 1878 ideo
173 1824 230 1888 ipsu
243 1827 297 1876 solo
314 1827 342 1876 ad
354 1825 518 1878 beatitudinem
531 1827 685 1890 requiruntur.

230 2213 232 2224 -
293 2172 457 2240 ooearro
476 2173 644 2237 lxxxiv.

102 2311 137 2356 De
152 2312 346 2370 impossibilitate
360 2325 491 2372 corporum
504 2313 627 2360 lautorum
640 2313 838 2370 rosurpeota'um,

268 2386 298 2428 in
311 2389 417 2442 quotuor
431 2386 549 2430 articulos
565 2385 656 2430 diviso.

102 2535 188 2586 ltoindo
208 2536 397 2588 considerandum
416 2544 455 2588 est
467 2539 495 2587 de
509 2535 636 2588 anditione
656 2537 773 2586 hoatorurr
794 2511 870 2586 resur·
967 2549 968 2586 3

71 2607 180 2669 gentinus.
201 2608 230 2656 tlt
242 2607 330 2671 primd,
347 2610 375 2660 de
394 2623 471 2660 eorum
491 2621 612 2670 corporum
626 2605 822 2671 impossibilium
836 2620 871 2656 se-

73 2677 162 2800 oggdd,
174 2679 203 2728 do
214 2677 353 2741 subtilitate,
370 2679 438 2730 tortio
446 2717 455 2743 ‚
472 2681 501 2730 de
516 2677 632 2742 agilitate,
650 2677 744 2742 quarld,
762 2678 791 2728 de
802 2676 870 2728 clari·
963 2714 965 2768 ἶ

104 2819 167 2870 Circa
181 2819 280 2884 primurn
302 2825 432 2885 queruntur
443 2825 538 2886 quatuor
553 2837 558 2872 ι
578 2823 605 2870 1⁰
616 2821 694 2872 Utrdrn
706 2821 779 2872 sancti
794 2834 872 2872 resur·
962 2865 963 2869 ,
