1980 3320
153 124 185 176 8⁸
322 135 524 184 suurumrmmr,
536 135 631 180 uuam.
646 136 675 185 u,
688 137 744 178 aar.
763 139 788 174 ιι.

186 215 210 263 t.
225 213 348 272 oratores,
362 211 423 262 siout
441 210 540 264 conditio
562 211 678 264 seruitutis
697 213 782 278 adiuuid
797 215 907 268 auidum
927 223 970 272 ost

156 295 270 336 ansarum
289 294 409 346 persona,
422 281 452 330 ita
462 281 558 344 qualitas
569 282 671 344 corporis
686 287 725 334 aut
740 284 818 336 animi.
830 285 876 339 Sed
893 300 966 342 orror

155 353 293 404 conditionis
304 351 400 416 impedit
413 352 588 404 matrimonium.
604 353 672 418 Ergo,
687 356 767 406 eadem
784 357 885 421 rationo,
896 371 969 411 orror

156 423 274 489 qualitatis
288 426 327 474 aut
338 423 444 475 torturum.
541 471 543 476 .

188 500 211 544 5.
226 494 354 556 Praeterea,
369 493 427 544 sicut
443 495 472 545 ad
491 495 647 546 conditionem
670 509 773 560 persona
792 499 895 561 pertinet
913 517 967 555 sar·

154 567 216 618 uitus
236 568 259 616 et
281 565 388 628 libertas,
406 565 438 616 ita
457 565 563 616 nobilitas
581 567 619 617 ael
639 567 782 630 ignobilitas,
799 574 839 621 aur
859 571 967 634 (danitas

154 639 227 691 statuis
238 643 262 688 at
275 639 374 702 privatio
384 638 443 702 ojus.
456 637 500 688 Sed
510 649 572 688 arnor
585 637 722 690 conditionis
733 641 851 692 seruitutis
861 643 968 708 impedit

156 711 333 762 matrimonium.
349 710 406 774 Ergo
417 713 440 761 ot
456 723 518 762 error
531 707 625 760 allorum
635 710 755 765 dicturum.
845 761 848 767 ,

188 789 211 833 6.
226 784 350 845 platalea,
365 782 423 833 siout
441 781 541 834 conditio
562 782 679 840 servitutis
701 787 815 858 impellit,
835 795 868 845 ita
886 795 968 849 otiam

155 854 278 918 disparitas
287 855 533 922 oultrlsatimputautla
543 859 648 924 coeundi,
658 863 750 917 utiolrl
758 865 846 916 dicatur
854 867 907 931 (qu.
919 873 964 934 59,

157 930 199 976 art.
215 930 246 988 2,
259 930 282 977 et
298 941 337 991 qu.
350 930 394 993 58,
409 934 450 979 art.
462 930 499 994 l).
514 933 581 996 Ergo,
593 933 652 987 siout
663 949 737 986 eruor
746 937 902 987 conditionis
914 953 962 1004 po·

156 997 219 1048 uitur
235 999 372 1051 matrimonii
389 1000 593 1068 impedimentum,
606 1006 637 1058 ita
655 1019 718 1058 orror
734 1007 794 1058 olroa
811 1008 855 1058 alio
875 1009 966 1074 liujus-

154 1069 218 1122 modi
237 1069 329 1120 deberat
346 1071 534 1136 impedimentum
548 1078 686 1128 matrimonii
700 1078 764 1142 poni.

188 1144 211 1189 ⁷·
222 1141 265 1191 Sed
281 1146 367 1204 mliii,
376 1144 467 1199 ridetur
481 1148 542 1214 qudd
552 1161 771 1212 nauarrorporsoua
785 1150 962 1204 matrimonium

153 1211 274 1292 ifflltdffl·
285 1213 350 1275 Otii,
366 1215 428 1272 Sitai
439 1221 524 1285 amputo
536 1225 571 1271 est
584 1220 674 1283 quidum
685 1225 831 1281 mutamus,
841 1221 872 1271 itu
883 1223 961 1274 etiam

155 1284 334 1342 mtlrlfflllssillfflo
345 1285 392 1343 aaa
406 1293 429 1341 in
443 1291 559 1354 emptione
572 1291 750 1354 (mumditiam,
763 1292 784 1342 si
797 1293 864 1342 detur
873 1305 960 1346 aarum

155 1355 295 1419 aeqliiirons
307 1377 350 1428 pro
369 1363 412 1414 alio
427 1375 495 1424 auro,
510 1375 556 1411 uon
575 1362 695 1425 impeditur
713 1361 823 1412 venditio.
839 1363 898 1426 Ergo
916 1379 964 1416 neo

157 1434 324 1486 matrimonium
339 1434 474 1497 impeditur,
493 1433 514 1482 si
528 1445 569 1496 pro
583 1445 629 1482 uua
643 1433 737 1483 mullera
751 1433 795 1482 alla
806 1434 942 1497 accipiatur.

190 1511 213 1556 8.
225 1506 345 1567 Praeterea,
355 1507 431 1567 potest
448 1501 578 1564 contingere
589 1501 650 1566 quod
660 1517 699 1566 por
715 1504 799 1554 multos
816 1517 890 1556 annos
908 1507 961 1560 isto

158 1591 233 1630 erroro
249 1577 430 1636 datinoautm‚et
442 1575 500 1626 tilios
512 1578 534 1625 ot
548 1574 607 1624 sullas
617 1580 726 1636 sanarent
737 1575 813 1624 simul.
828 1575 873 1626 Sud
885 1589 958 1640 grave

159 1653 222 1700 asset
239 1649 312 1698 alioora
327 1645 387 1710 qudd
401 1652 454 1696 tuuc
474 1648 552 1696 esseut
572 1645 696 1696 dividendi.
711 1646 768 1708 llrgo
788 1646 876 1710 primus
894 1661 965 1701 orror

153 1735 206 1773 mou
220 1719 336 1771 frustravit
346 1718 523 1768 matrimonium.

191 1798 215 1843 9.
232 1795 360 1850 maturam,
377 1794 453 1854 potest
468 1789 598 1850 contingam
618 1787 679 1850 quid
697 1788 766 1838 luatur
786 1789 830 1838 uiri
845 1790 870 1838 iu
885 1795 959 1855 (le

161 1877 186 1915 so
200 1863 271 1914 eredit
284 1861 413 1912 ronsantiro
424 1861 512 1923 mulier,
521 1859 628 1910 offeratur
637 1859 659 1908 oi
668 1865 692 1909 ot
705 1873 757 1909 oum
766 1873 794 1910 eo
807 1856 962 1914 commiscea-

160 1939 197 1984 tur
210 1933 340 1995 carnalilom
355 1936 379 1982 ot
391 1936 445 1981 lunc
455 1929 614 1993 videturqudd
628 1943 673 1981 nou
683 1932 754 1994 possit
762 1930 836 1982 rodim
846 1932 875 1982 ad
885 1933 958 1984 alium

159 2006 184 2056 iu
198 2017 265 2068 quom
279 2003 407 2054 oousantlro
422 2015 448 2052 so
463 2001 574 2058 tradidit,
589 2001 629 2051 sod
643 2000 723 2051 debeat
741 2007 800 2052 stara
817 2013 869 2050 ouum
887 2002 961 2056 rrarm

159 2077 219 2140 eius.
234 2076 262 2125 nt
273 2075 305 2124 sio
318 2087 379 2124 error
392 2086 495 2136 persuum
508 2085 553 2123 nou
567 2073 664 2135 impedit
675 2073 850 2123 matrimonium.

193 2144 569 2213 (Conouusro.-llatrimouium,
578 2143 630 2193 ciam
645 2144 704 2194 iuter
717 2145 774 2194 duas
787 2150 861 2194 certas
872 2158 961 2208 parso-

156 2231 200 2270 uas
213 2219 253 2269 ilat
267 2222 367 2268 mutuam
380 2216 405 2266 iu
418 2215 517 2266 iuvioem
535 2218 671 2278 potestatum
685 2215 843 2278 recipientem.
852 2228 883 2266 ox
899 2229 959 2280 per-

158 2301 219 2342 sona
234 2295 256 2340 et
271 2300 418 2353 personarum
434 2285 568 2336 conditionis
582 2298 657 2336 arrone
670 2286 775 2350 impediri
789 2297 883 2337 necasse
896 2289 956 2354 ost.)

187 2361 323 2425 Respondeo
337 2359 464 2419 dicandum,
476 2356 545 2421 quod,
558 2356 618 2408 siout
630 2369 692 2408 error
707 2370 738 2409 ax
751 2358 795 2407 lma
807 2357 868 2421 qudd
881 2361 957 2410 invo-

156 2433 299 2482 luntarium
312 2434 407 2493 causat,
418 2432 608 2481 habui-arousara
622 2433 754 2492 pausatum,
766 2428 800 2479 ita
809 2430 879 2480 habet
889 2431 953 2495 quod

156 2503 324 2555 matrimonium
337 2501 444 2566 impediat
460 2503 586 2552 orandum.
600 2503 668 2551 Error
686 2505 823 2552 autemnon
840 2505 957 2556 excusata

156 2580 262 2641 poomtm
278 2574 323 2624 nisi
336 2574 366 2624 sit
377 2573 437 2623 illias
454 2572 633 2624 circumstantia
648 2573 715 2636 nujus
729 2571 841 2637 appositio
858 2574 894 2623 vol
912 2589 956 2626 ra-

156 2646 228 2698 motio
242 2645 312 2695 taolat
328 2644 477 2696 dillersntiam
493 2643 563 2693 tu'ou'tr'
583 2647 608 2694 at
631 2643 719 2693 illiciti
738 2643 762 2693 iu
776 2648 837 2694 autu.
855 2645 878 2694 si
891 2646 955 2698 onim

157 2718 240 2782 aliquis
255 2717 366 2782 percutiat
380 2719 468 2780 patrem
489 2715 568 2765 broulo
586 2714 659 2766 lorroo
677 2727 745 2779 quam
766 2715 836 2766 eradit
851 2714 956 2779 ligneum

156 2803 220 2853 osse,
236 2802 282 2840 uon
302 2787 451 2839 excusatura
470 2789 536 2848 toto,
552 2785 655 2848 quamvis
672 2785 730 2838 lortd
748 2786 763 2838 la
778 2791 857 2850 tauto3
873 2789 913 2840 aad
931 2789 954 2839 s'i

158 2862 234 2914 oradat
245 2860 296 2926 quis
309 2863 429 2924 percutere
440 2859 509 2908 tilium
519 2855 590 2907 rausa
599 2857 738 2922 disciplina,
752 2861 776 2909 et
790 2859 960 2924 patulapa-
