1948 3312
287 191 317 226 ou
332 191 424 228 ouorcro
440 191 570 241 cruuntur,
587 195 638 233 uro.
812 201 858 250 σω

33 261 235 325 indicabuntur,
249 263 302 326 quio
320 265 401 317 dieitur
420 268 498 324 itum..
509 269 530 318 ii
549 282 556 318 ε
575 285 590 316 u
607 268 747 334 Quicumque
760 272 785 322 iu
802 272 852 338 iege

36 337 276 398 peccaveruntne
292 335 363 398 legem
373 335 542 398 jndiounnuour.
555 355 569 386 u
580 340 746 404 Undoqnodam
758 343 852 407 suenoni

38 403 131 454 modu
144 403 233 454 dicetur
248 403 332 468 aliquid
347 405 431 470 diequi
445 407 528 458 tuerint
542 407 626 468 dieder,
640 411 700 473 quod
713 423 758 464 nou
767 413 851 465 dioetur

39 473 200 525 infidelibus.

87 545 125 594 Ad
137 545 228 595 tertium
242 544 374 609 dicendum,
384 547 443 610 quud
457 547 561 600 Christus
574 549 717 614 corporaliter
724 553 849 617 apparebit,

37 618 78 664 ut
101 615 132 665 ab
148 614 253 665 omnibus
271 618 415 680 corporaliter
429 619 497 682 judex
510 626 671 684 terremotum
685 623 743 685 quod
759 623 850 687 quidem

39 683 135 735 subito
153 683 202 734 fleri
219 685 312 749 poturit.
333 686 377 737 Sed
397 687 482 738 locutio
499 701 549 752 quor
573 693 673 754 tempore
693 695 848 754 mensuratur,

39 754 186 818 requireret
202 755 333 807 immensam
349 758 457 823 emporis
475 758 651 822 longitudinem,
668 761 687 812 ei
701 763 772 815 uocati
785 763 850 815 loeo·

39 824 121 876 tione
133 823 241 888 judicium
256 830 406 890 perngeretur.

348 1003 505 1057 nurituttrs
520 1005 558 1058 tlt.

187 1125 272 1171 Uirium
282 1127 372 1182 tenuntur
381 1125 555 1184 sutomJuuiioii
563 1129 594 1173 uit
604 1129 720 1186 tumetum.

84 1249 122 1302 nd
139 1247 230 1299 tertium
249 1247 283 1300 sie
295 1249 429 1312 proceditur.
444 1249 537 1300 Videtur
547 1250 607 1313 qudd
626 1256 716 1317 tempor
728 1253 797 1305 sotori
807 1257 846 1320 jo·

45 1319 111 1372 dieii
127 1330 174 1370 non
188 1318 219 1370 eit
237 1317 347 1383 ignotum.
363 1320 426 1370 Sicut
445 1321 505 1371 euim
521 1321 592 1372 eunoti
606 1325 681 1386 putres
698 1325 846 1388 expectabunt

46 1391 157 1456 primum
168 1389 302 1451 adventum,
316 1389 348 1438 ito
362 1400 404 1440 nos
414 1393 560 1454 expectamus
574 1393 759 1444 eorundumsed
772 1397 844 1447 eeneii

45 1463 133 1526 patres
147 1458 261 1509 surmont
274 1461 363 1522 tempus
374 1460 441 1524 primi
455 1460 581 1522 rdnentde,
597 1462 656 1512 siout
667 1466 731 1526 putot
747 1476 786 1527 per
800 1478 843 1514 uo·

46 1543 144 1584 merum
157 1527 358 1592 hebdomadorum,
372 1530 411 1592 oui
422 1529 553 1580 describitur
566 1531 675 1591 Daniel„
686 1533 734 1596 tii;
748 1532 845 1585 undeet

46 1599 394 1667 repreieuduutoriudueiqudd
401 1604 491 1663 omnus
500 1601 753 1653 aduentdsctniutiuou
762 1615 844 1668 eogno-

47 1673 142 1733 ueriut,
151 1674 179 1720 ut
191 1673 254 1734 potet
265 1671 333 1726 duo..
343 1671 382 1720 xii
393 1685 399 1720 :
411 1671 573 1735 «Hypoeritu,
583 1672 662 1722 iuoiem
676 1672 761 1723 erudiet
777 1678 843 1726 terrm

47 1741 130 1794 nostis
142 1739 249 1805 proteum
261 1741 305 1790 troo
321 1743 396 1789 nutem
412 1743 501 1802 tempus
517 1741 630 1802 quomodo
644 1753 689 1792 non
703 1742 843 1804 protutirio

47 1813 114 1874 Ergo
134 1809 223 1861 videtur
238 1809 297 1873 qodd
320 1811 387 1860 etium
412 1810 477 1860 nobis
496 1821 546 1860 esse
570 1811 649 1861 dehent
670 1811 842 1864 determinatum

47 1887 147 1946 tempus
159 1879 252 1930 secundi
265 1879 386 1942 advenitis,
401 1891 446 1944 qno
464 1879 523 1929 Deus
544 1881 571 1930 ud
589 1879 698 1944 judicium
712 1881 798 1933 reniet.

84 1955 111 2002 2.
127 1953 253 2011 rueretur,
266 1961 308 2013 per
326 1949 389 2012 signu
400 1949 530 2000 devenimus
542 1950 566 1998 iu
578 1950 728 2014 cognitionem
741 1952 842 2015 sigonio-

48 2033 115 2074 rum.
130 2021 173 2072 Sed
189 2021 216 2072 de
225 2019 300 2070 tuturo
314 2017 398 2084 judicie
412 2021 480 2070 muitn
495 2021 559 2082 signo
571 2021 635 2072 nobis
648 2026 804 2086 proponuntur
814 2022 841 2074 io

48 2093 184 2158 Scriptum,
198 2094 224 2142 ut
239 2093 302 2156 potet
317 2091 415 2149 Metti„
430 2091 508 2154 iiiiii,
519 2095 542 2142 et
555 2092 624 2150 Luc„
636 2091 702 2155 xxi,
716 2097 740 2142 et
750 2094 842 2152 rrum,

51 2163 116 2216 xiii.
128 2163 187 2226 Ergo
200 2161 386 2225 incognitionem
397 2160 575 2225 iiiiuetemporie
585 2161 839 2226 pmoumosumuonire.

86 2237 111 2284 t.
124 2235 249 2293 Praeterea,
263 2231 317 2283 dieii
327 2231 461 2296 donnolus,
474 2233 496 2281 1.
512 2232 628 2288 Comi:
646 2232 714 2282 «Noe
725 2244 804 2284 eumue
815 2233 840 2284 in

52 2316 112 2368 quos
126 2297 183 2354 dne‘s
191 2303 321 2354 secutorum
337 2303 481 2354 deueooruut.
492 2317 506 2349 o
518 2303 547 2352 itt
556 2302 575 2353 i.
588 2301 719 2360 douo.,11:
732 2301 840 2366 ordior,

52 2372 179 2426 nouissima
199 2373 253 2423 horu
268 2374 318 2433 est,
330 2375 373 2424 eto.
392 2371 477 2423 utinm
496 2383 549 2435 ergo
567 2373 614 2434 ianr
635 2371 726 2434 tongum
749 2374 840 2436 temous

52 2441 182 2505 transierit,
193 2455 221 2493 ex
232 2453 277 2505 quo
289 2443 338 2492 iuaeu
351 2441 410 2492 dioto
427 2445 494 2504 suut,
505 2442 594 2492 uidetur
610 2438 670 2504 dudd
683 2441 763 2490 euliem
779 2452 840 2492 nuno

53 2512 111 2565 noire
121 2523 240 2578 possumus
252 2511 312 2575 qood
325 2511 426 2562 ultimum
436 2511 547 2576 judicium
560 2509 590 2560 uit
603 2509 763 2574 propinquum.

85 2587 109 2634 t.
123 2585 243 2644 Protendo,
255 2583 344 2645 demum
353 2581 433 2646 judieii
443 2593 488 2632 nou
498 2583 586 2644 oportet
595 2591 646 2630 esse
662 2579 781 2642 oecultum,
795 2581 839 2633 niei

53 2657 144 2720 propter
155 2653 198 2702 hou
211 2650 270 2712 oudd
285 2651 380 2713 quidibet
389 2650 508 2701 soitioitids
520 2649 586 2701 suad
596 2648 705 2714 judicium
718 2657 837 2716 premier,

53 2725 106 2774 dum
119 2720 291 2773 determinatum
302 2724 391 2784 mmpus
403 2720 499 2785 iguorot.
513 2719 556 2771 Sed
570 2719 649 2772 eudem
662 2718 790 2774 uodioirudo
801 2734 839 2772 re·

54 2797 128 2844 munet
139 2790 229 2842 etiamsi
241 2793 325 2841 eertum
334 2794 409 2854 esset,
419 2790 471 2854 quin
485 2789 566 2853 eoique
579 2789 690 2854 iuoerturu
699 2793 735 2840 est
747 2793 838 2854 tomum

54 2878 100 2915 noue
121 2860 213 2924 mortis,
227 2864 250 2911 et
258 2897 265 2924 ,
283 2859 341 2911 siout
354 2859 409 2910 dieii
423 2859 561 2924 Augustinus
574 2860 598 2909 iu
613 2859 695 2923 Epist.
713 2859 749 2910 ud
763 2862 838 2924 ideru-
