1968 3294
246 152 278 191 777
292 151 387 192 ursmare
403 153 492 192 7777777
507 153 639 204 ussurus,
654 154 708 192 7777.
820 157 869 207 epp

61 225 186 277 carnaiis.
204 241 218 274 7
236 227 282 278 Sed
303 236 332 278 er
351 229 394 278 777
413 228 473 290 omi
490 231 525 278 est
541 231 617 280 7777777
634 229 709 280 tantas
722 229 871 294 uernalium

63 295 160 348 7777771
179 295 269 358 dieitur,
282 313 295 346 a
306 297 378 348 7777777
392 311 419 349 77
432 297 528 362 sopitat,
544 311 594 361 77777
607 297 749 350 unanimum
759 311 803 364 per
818 312 869 352 eon·

10 373 11 380 ¹
65 380 159 430 porum
173 365 286 430 imagines
296 367 373 418 777777.
384 367 550 431 7777777777,
566 369 654 432 maudo
667 381 734 420 earne
747 369 870 433 spiritualis

67 437 118 487 erit
134 439 217 504 (77777
234 443 288 501 pest
310 439 494 490 resurrectionem
513 440 599 490 7777777
617 439 788 504 promittitur),
801 439 869 495 777777

67 519 146 559 earne
162 508 288 572 spiritualia
302 509 378 560 ridere
391 509 481 574 poterit.
498 509 526 560 Et
540 509 587 572 sio,
601 514 628 560 777
642 509 714 574 prim.
899 527 905 548 ι

102 583 129 628 7.
145 579 268 642 Praeerat,
283 581 351 631 hemo
363 579 377 632 t
387 580 435 632 seio
450 581 496 630 7777
510 583 586 644 petest
598 579 730 632 7777777777.
748 580 869 635 7777777777.

65 647 135 700 bitur
146 655 224 702 uutenr
238 661 284 702 uon
295 649 367 701 seiiru
378 653 485 715 quautam
501 651 529 701 ed
546 651 643 700 animam
650 687 660 712 ,
668 651 709 704 sed
718 651 786 704 etiam
797 665 866 716 otuu·

65 723 123 770 tum
137 719 168 770 ad
182 733 271 784 eorpus
286 720 345 783 Ergo
365 733 411 772 non
425 720 495 772 solim
515 721 647 782 7777777777,
660 721 701 772 sed
712 721 780 776 aiau
798 734 866 779 77777

65 789 146 840 Deum
157 789 236 841 uidere
252 792 343 855 poterit.
577 827 578 834 .

103 861 129 907 7.
146 853 271 924 77777777,
281 860 340 913 77777
350 861 409 912 77777
419 864 454 912 777
466 873 567 942 praesens
575 873 616 925 per
632 873 696 912 snum
712 827 848 914 essentiari
842 875 867 916 77

67 929 210 992 intellectu,
222 929 254 980 ita
267 931 336 980 777777
349 933 392 981 7777
402 943 504 996 presens
514 933 539 982 iu
551 939 640 996 77777;
645 931 697 994 quta
710 932 754 986 7777
766 949 780 980 u
790 931 867 985 777777

68 999 96 1049 in
111 999 229 1061 omnibns,
238 1005 288 1050 7777
300 1001 409 1052 77777777.
429 1003 496 1061 Cor..
511 1002 560 1052 iiii.
574 1003 620 1052 sed
634 1000 746 1054 ridebitur
759 1003 787 1052 ab
800 997 867 1056 77777-

68 1071 135 1121 77777
150 1083 180 1120 77
194 1072 238 1122 7777
254 1073 314 1136 quon
325 1085 368 1124 777
383 1072 480 1124 essentia
495 1072 519 1122 77
530 1071 692 1134 7777777777
711 1071 868 1136 sepeponere

69 1141 148 1192 uideri
164 1142 260 1194 77777777
278 1154 356 1194 sensu.

102 1213 149 1262 Sei
166 1216 258 1278 7777777,
280 1213 411 1266 Ambrosius
429 1212 484 1264 dreit
501 1221 570 1277 sepes
588 1212 660 1262 7777.
651 1222 724 1274 ,cap
744 1212 775 1261 i:
792 1213 866 1266 «Nee

69 1282 228 1346 corporalibus
247 1283 317 1335 777777
337 1285 396 1335 neus
407 1284 523 1348 7777777777,
537 1294 580 1332 777
593 1280 784 1334 eirarmserihiter
797 1281 866 1344 7777,

71 1364 119 1404 nec
132 1356 195 1472 tactu
219 1357 342 1406 tenetur.»
358 1355 418 1418 77777
434 1353 497 1406 77777
515 1353 582 1406 uredo
594 1351 704 1416 7777777777
720 1363 790 1404 sensu
807 1353 869 1406 7777-

71 1423 142 1475 uideb
153 1425 197 1473 tur.
324 1434 327 1440 ’

105 1493 237 1554 Praeterea,
250 1493 401 1560 Hieronymus
416 1494 472 1546 77777
486 1495 512 1544 ia
528 1490 601 1554 17777,
610 1505 661 1556 cap.
676 1491 731 1542 Vi:
749 1491 820 1544 77777
829 1505 867 1544 so·

71 1563 271 1616 iamdirinitatem
286 1565 369 1628 Patris,
383 1567 422 1617 777
436 1579 479 1616 nee
493 1565 560 1627 Filii,
575 1575 618 1614 neu
634 1561 734 1626 Spiritis
746 1562 818 1614 7777771
828 1561 865 1626 (t)

73 1635 229 1686 oenii'earnis
246 1639 341 1698 posenni
358 1636 475 1700 aspirare,
487 1635 527 1686 777
539 1634 600 1686 77777
619 1633 716 1694 mentis,
735 1634 764 1684 de
782 1632 865 1696 77777777

73 1705 175 1756 dieitur:
193 1705 283 1756 7777777
296 1705 380 1756 mundo
393 1705 470 1756 77777,
483 1721 496 1751 n
509 1703 629 1768 (flattu,
643 1702 688 1766 V.)

106 1775 238 1836 Praeterea,
255 1774 316 1825 77777
335 1775 485 1838 Hieronymus
504 1774 557 1824 77777
573 1773 626 1824 diue
644 1787 650 1823 :
669 1773 746 1824 uites
757 1771 865 1834 iueorpos

73 1846 131 1896 77777
142 1845 294 1910 serpen-atibus
308 1846 379 1898 oeulis
390 1859 436 1898 nou
449 1845 545 1896 ridetur.
556 1860 571 1892 7
584 1844 628 1895 Seri
642 1844 702 1896 neus
718 1848 754 1896 est
767 1843 866 1898 7777777777

74 1916 229 1980 incorporeus.
245 1917 316 1980 ergo,
328 1921 410 1967 ete

107 1988 219 2038 Praeterea
220 1987 391 2051 ,7777777777
401 1985 457 2038 libre
471 1988 508 2037 De
520 1961 627 2042 77777777
640 1986 732 2043 Beuum
738 1995 780 2036 7777
790 1982 864 2048 Epist.

76 2059 204 2122 exitum.
222 2057 376 2110 iraeneum
391 2069 458 2110 neme
470 2058 529 2110 uidit
540 2069 653 2122 7777777777,
667 2055 722 2106 val'
716 2069 741 2106 ru
754 2056 796 2106 hae
808 2055 863 2116 vitu,

78 2129 196 2194 sicutipse
208 2125 258 2191 777,
275 2130 332 2180 uel'
326 2144 349 2180 nn
361 2131 492 2194 angelorum
503 2131 561 2192 7777,
575 2129 633 2178 sieut
646 2125 743 2178 risibii'u
756 2125 799 2178 ieta
813 2139 864 2192 777

78 2201 186 2268 corporali
200 2201 287 2253 risione
301 2207 431 2252 7777777777.
443 2217 456 2248 o
467 2199 511 2250 sei
524 2199 571 2249 7777
582 2197 714 2261 augelorum
728 2195 808 2248 77777777
818 2197 864 2248 vite

79 2275 157 2334 beata,
172 2271 196 2324 77
210 2285 255 2336 qna
267 2275 410 2336 resurgentes
421 2269 509 2321 777777.
525 2269 592 2333 Erpa,
606 2274 650 2320 777.
681 2305 684 2310 1

111 2345 237 2406 preterea,
255 2361 268 2392 u
286 2343 409 2394 secundnm
424 2343 469 2393 noo
480 2343 551 2392 tremo
564 2340 646 2390 dieitur
659 2339 734 2388 777777
744 2337 775 2388 ni
785 2338 864 2402 777777-

83 2427 133 2466 nem
147 2415 195 2477 7777,
205 2415 265 2478 quod
282 2415 351 2466 7777777
362 2412 492 2478 conspicere
505 2415 589 2475 petunt,
602 2425 616 2457 7
625 2413 650 2460 77
662 2408 801 2472 Augustinus
809 2408 865 2460 77777

115 2531 144 2594 (77
156 2533 210 2580 7777
221 2544 274 2582 meur
288 2533 330 2580 7777
340 2531 487 2581 distinetione
503 2529 602 2584 dutum,
615 2527 670 2582 quia
681 2532 777 2582 uterque
790 2537 863 2584 nppa·
943 2525 947 2532 '

83 2597 126 2642 77777
136 2597 158 2640 77
168 2595 242 2641 iurma
252 2595 336 2639 risibili
349 2592 463 2654 (hominis
475 2593 511 2636 777
522 2586 665 2648 columbe),
680 2601 722 2633 7777
736 2593 813 2633 tamen
829 2589 864 2632 di·

85 2659 161 2704 77777777
177 2657 310 2732 apparuisse
325 2656 420 2703 77777777
435 2660 479 2700 est.
493 2656 525 2700 De
541 2654 608 2698 Patre
618 2655 693 2696 autern
707 2651 805 2695 dubitari
817 2663 865 2697 uon

84 2724 162 2777 potest,
169 2721 222 2776 quin
236 2729 351 2774 nunquam
364 2717 483 2762 risiniiiter
494 2714 612 2773 apparuit,
629 2712 863 2770 immedietteaitem,

85 2783 141 2828 sieut
158 2779 195 2828 aiii
215 2779 269 2826 duo.
282 2780 372 2836 7777777777
389 2780 444 2824 uarie
447 2792 467 2824 777
485 2779 553 2822 trinua
567 2783 606 2822 est
624 2777 683 2821 ratio
702 2787 743 2820 7777
756 2774 865 2822 diuinitus

86 2843 210 2903 apparuisse
224 2842 379 2903 7777777777,
396 2842 451 2898 qnia
464 2841 546 2888 eadere
556 2839 650 2885 omnine
660 2843 706 2884 777.
