1976 3306
201 179 231 218 on
244 177 453 220 uramroonorarar
466 179 571 220 marrata
585 179 639 234 nor,
655 179 711 222 nro·
804 173 851 223 ἰιι
918 179 920 186 ·

36 255 184 324 enjlotatnr
193 255 350 320 quodquidam
360 258 481 319 naumutes
491 255 626 318 mortaliter,
639 261 768 322 proponunt
779 260 852 312 uitam

36 341 126 381 suam
142 327 167 377 in
184 326 264 378 melios
274 329 408 391 quandoque
423 330 575 391 commutare,
588 332 612 378 et
627 327 661 380 ita
669 329 793 381 seeundum
807 333 852 384 troo
943 393 945 399 y

39 415 103 454 noar
122 403 202 452 esseni
213 399 372 462 munisterio
388 398 515 464 suspirio,
525 405 550 451 ut
565 399 668 464 violetur3
681 400 800 454 uiuendum
815 407 852 456 est

38 471 187 523 secundior
204 471 313 534 quosdam
323 469 384 533 quid
396 470 517 532 Gregorius
528 471 662 534 loquiturrle
676 473 853 538 voluntateque

39 542 219 594 manifestatur
228 555 269 605 qen
283 553 348 606 opus.
362 540 405 600 Qui
415 540 476 593 euim
489 539 514 590 in
524 545 641 605 peecatum
654 544 748 594 mortale
761 546 852 609 propria

41 615 181 666 voluntate
200 614 298 676 labitur,
312 626 337 666 su
350 612 415 677 nonu
435 613 534 663 instato
547 613 560 663 a
573 626 619 678 quo
638 614 687 664 erui
699 626 745 666 nou
760 619 851 680 potest,

41 686 101 736 nisi
118 684 232 736 divinitus
246 683 345 748 adjutus.
358 683 423 734 unde
435 695 465 734 ex
480 684 524 735 lrou
541 683 591 746 ipso
604 685 665 748 qood
680 685 730 734 vult
745 699 848 751 peceare,

41 757 104 806 nult
126 759 293 820 consequenter
304 754 335 804 in*
347 757 442 818 peouato
456 765 547 806 manere
563 759 689 819 nerqotn03
705 757 773 810 trono
788 759 851 812 enim

43 831 88 878 est
110 827 226 891 spirituo
238 825 332 876 uadem
342 824 446 890 (nullust
460 825 485 876 ln
496 829 615 888 nmutun
624 826 633 886 l
643 829 667 876 et
681 841 730 877 uou
750 829 851 880 rediero

42 911 94 962 per
120 895 231 960 seipsum.
251 896 314 948 Siout
328 896 349 948 si
365 896 447 961 aliquis
459 909 485 948 se
497 896 522 946 in
537 895 628 946 lorsam
644 897 776 962 projiceret,
790 903 850 952 uude

44 968 121 1018 exire
136 980 182 1017 non
202 971 279 1031 possut
301 967 345 1019 uisi
358 967 464 1032 adiutus,
478 971 557 1031 nosset
570 968 615 1021 dini
629 967 691 1031 quot
703 969 728 1019 in
741 974 851 1023 eternum

44 1038 83 1090 ibi
101 1049 199 1090 manere
211 1039 316 1100 voluerit,
324 1044 528 1103 quantuncumque
544 1039 605 1089 aliurl
617 1040 735 1102 cogitaret.
746 1043 788 1094 Vel
806 1057 848 1107 no·

45 1113 101 1160 test
126 1107 173 1160 diui
189 1113 212 1158 et
225 1107 307 1158 meliis
322 1107 381 1172 quiri
393 1121 423 1159 er
434 1111 477 1159 lrou
489 1109 539 1172 ineo
551 1110 611 1170 quod
622 1109 746 1162 mortaliter
759 1118 847 1178 paueat,

46 1179 130 1230 finem
142 1191 207 1229 suum
220 1179 244 1228 iu
258 1181 359 1230 meatum
370 1179 498 1230 eonstituit.
509 1179 538 1229 lit
551 1179 602 1242 qula
614 1179 644 1229 ari
656 1179 725 1230 linem
735 1187 788 1234 ortu
800 1189 849 1237 tota

47 1250 105 1300 vita
117 1249 252 1316 ordinator,
263 1251 315 1302 ideo
330 1263 360 1303 ex
376 1252 420 1302 lroo
432 1250 483 1314 ipso
500 1253 570 1300 totam
591 1251 663 1302 sitam
680 1263 743 1302 suam
758 1254 849 1308 ordinat

48 1323 82 1373 erl
97 1322 158 1372 illud
172 1327 305 1386 peecatum
322 1327 346 1374 et
354 1323 422 1374 uellet
441 1321 550 1388 perpetui
561 1323 586 1372 iu
600 1326 692 1386 peceato
705 1335 810 1386 manere,
826 1327 848 1376 sl

49 1395 101 1446 hoe
115 1391 162 1444 silui
174 1398 236 1444 esset
245 1391 347 1458 imponi.
360 1395 390 1444 nt
399 1396 443 1446 hoo
458 1395 566 1458 estquod
580 1393 699 1458 Gregorius
716 1395 741 1444 in
757 1395 848 1448 llxllllt

49 1465 99 1518 lib.
116 1463 222 1522 onorat,
232 1477 282 1530 erp.
297 1469 338 1527 la,
353 1465 401 1518 sire
412 1470 451 1528 lo,
462 1466 594 1531 superillud
603 1465 658 1526 tol,
667 1466 715 1516 llll
732 1468 847 1520 :offleii-

51 1537 134 1587 mabit
152 1537 261 1601 abyssum
279 1538 345 1602 quasi
365 1541 564 1598 senescentem»
581 1535 635 1588 (linit
655 1538 783 1602 :uiniqur
795 1540 848 1591 ideo

51 1621 112 1658 eum
122 1606 497 1673 flneoellquuunqquiaounrflne
506 1607 848 1676 vixeruntllolnissontqoippe

51 1679 112 1730 siue
131 1677 175 1728 line
188 1679 278 1742 rivere,
292 1681 382 1730 alsine
396 1680 440 1730 line
451 1679 581 1744 potuissent
596 1679 621 1728 in
631 1676 679 1730 sois
690 1679 848 1744 iniquitatibus

53 1761 207 1813 permanere3
222 1761 275 1799 narn
288 1750 360 1814 magis
371 1753 481 1815 appetunt
493 1760 585 1813 peecare
595 1761 662 1812 quam
671 1747 758 1801 uivere.
775 1766 788 1797 u
802 1753 847 1803 Po·

54 1823 106 1872 test
115 1823 140 1871 et
148 1818 256 1873 aliaratio
262 1820 372 1884 assignari
378 1835 447 1885 quare
453 1833 521 1885 poena
530 1819 601 1882 coloe
608 1819 708 1871 mortalis
714 1821 744 1870 sit
752 1824 845 1883 aeterua3

53 1891 115 1954 quia
126 1903 167 1956 per
180 1902 230 1941 eam
246 1896 325 1942 eontra
338 1893 422 1954 iteum,
436 1891 475 1954 qui
485 1895 521 1940 est
534 1889 646 1951 infinitos,
660 1895 774 1954 noceatur·
784 1892 847 1944 Unde

55 1961 113 2012 cim
135 1974 182 2014 uon
203 1962 276 2026 possit
297 1974 348 2014 esse
365 1961 454 2012 inlinita
471 1973 539 2026 poeua
556 1974 597 2026 ner
612 1961 778 2022 intensionem,
792 1962 847 2025 quia

54 2035 164 2083 creatura
180 2043 226 2084 uun
238 2037 273 2085 est
283 2046 355 2098 capax
367 2032 461 2097 alicujus
473 2031 588 2096 qualitatis
600 2031 710 2093 infinite,
727 2031 847 2096 requiritur

55 2103 122 2166 quud
141 2103 172 2154 sit
190 2104 270 2156 saltem
284 2106 400 2156 duratione
417 2104 512 2154 inlinita.
527 2103 644 2154 listetiam
655 2106 734 2166 quarta
748 2104 805 2156 ratio
817 2105 847 2155 arl

56 2174 105 2224 lruo
125 2172 199 2236 ldem;
214 2175 268 2240 quia
282 2175 349 2240 eulpa
370 2179 448 2226 manet
465 2175 491 2225 in
507 2177 631 2234 aeteruum,
644 2171 696 2222 oium
713 2172 777 2237 olipa
799 2187 847 2226 uon

57 2243 134 2308 possit
144 2243 228 2296 remitti
239 2245 288 2296 sine
300 2245 381 2310 gratia,
390 2256 458 2308 quarn
468 2247 536 2296 nomo
548 2245 682 2307 nonpotest
692 2247 846 2306 postmortem
870 2269 907 2302 ψ,

58 2315 192 2379 acquirere3
206 2327 249 2367 nee
262 2316 328 2366 lebet
341 2326 409 2378 paena
424 2327 521 2376 oessare,
538 2313 644 2379 quamdiu
654 2313 814 2376 eulpamaoet.

92 2386 126 2438 ιι
144 2385 240 2449 primunr
257 2397 310 2448 erqo
331 2386 460 2447 dicendum,
473 2383 534 2448 quta
550 2385 610 2436 sieut
624 2384 672 2446 jarn
687 2385 773 2434 dietum
792 2389 845 2447 est,

58 2467 130 2520 poeua
145 2466 190 2505 uon
201 2456 267 2506 debet
276 2455 359 2521 aequari
372 2455 444 2519 oulqae
456 2453 581 2505 seeundum
591 2454 738 2518 quantitatem
748 2455 846 2507 eiuratio-

60 2525 112 2585 nis‚
123 2529 149 2576 ut
161 2524 250 2576 uidetur
260 2526 328 2577 etiam
342 2524 465 2576 seeunrlirur
482 2523 543 2588 leges
558 2526 667 2576 humanas
678 2524 786 2575 auellere.
804 2527 847 2578 vel

60 2595 196 2661 (lieentum,
212 2595 272 2648 sient
287 2596 425 2660 Gregorius,
440 2602 488 2646 tour
506 2595 547 2647 lib.
562 2595 662 2647 llillllll.
680 2595 782 2653 ararat..
796 2600 846 2648 tour
976 2649 977 2662 q

61 2667 104 2719 illu.
113 2667 151 2718 lv.
165 2667 279 2734 Diotoq„
292 2667 375 2732 solrlt,
386 2667 446 2733 quun
458 2667 563 2732 quamuis
574 2666 642 2731 eulpa
656 2665 687 2718 sil
699 2669 751 2718 autu
759 2671 847 2734 murno-
975 2673 977 2733 l

62 2737 136 2801 ralis,
149 2737 263 2791 uoluntate
273 2743 350 2791 tamen
358 2741 395 2790 est
405 2741 507 2800 aterna,
518 2742 544 2789 ut
554 2737 601 2801 jam
612 2737 741 2802 expositum
753 2743 798 2790 est.

94 2809 128 2860 ll
139 2809 263 2862 mennatum
274 2809 410 2873 lieentum,
421 2809 482 2874 quil
494 2809 614 2873 quantitati
627 2809 712 2874 ρειιιιί
725 2809 847 2874 respondet

63 2881 177 2945 manuleo
192 2893 266 2948 nunu
278 2880 404 2936 seruolum
418 2881 578 2934 intensionem.
597 2881 626 2934 tlt
638 2881 690 2935 lieo
702 2885 846 2946 nouatuon
