2024 3328
21 689 25 800 t

412 167 443 204 un
458 165 608 206 dxoatctnto.

403 349 561 402 tundendos
577 351 606 402 11.

214 477 300 524 virium
316 475 478 524 numeratam
491 470 607 535 immittat
620 476 811 523 matrimonium.

138 607 173 659 td
187 605 314 658 monadum
324 605 359 656 oio
369 603 506 669 proaedimr.
520 603 616 654 Videtur
626 603 686 667 qnid
699 603 852 656 uxorieidium
865 618 912 656 non

107 678 222 743 impediat
237 675 414 728 matrimonium.
433 672 545 726 Direotide
558 675 618 727 onim
634 675 756 739 opponitur
777 675 913 728 adulterium

107 747 272 810 matrimonio,
287 747 354 812 prin
368 746 526 799 homicidium.
544 747 588 798 Sed
603 745 737 800 adulterium
751 760 798 799 uon
818 746 914 812 impedit

107 819 295 872 matrimonium.
309 820 369 884 Ergo
390 832 433 870 neo
445 817 604 871 uxorioidium.

141 897 167 942 2.
181 895 298 944 Praeterea
306 926 315 954 ‚
323 891 415 956 granius
428 892 463 942 est
475 895 593 952 peceatum
606 888 831 952 oooidere'matrem,
845 892 913 955 qu'am

33 1001 36 1016 .
108 962 288 1028 uxoremrquia
307 973 424 1027 nunquam
440 964 494 1015 lieet
509 963 630 1016 verberare
643 965 741 1012 matrem
750 961 825 1024 „lieet
838 967 914 1014 antem

108 1037 251 1101 quandoque
267 1035 387 1088 verberare
408 1048 513 1087 uxorem.
534 1036 580 1088 Sed
599 1033 682 1086 omisio
702 1033 782 1084 matria
802 1046 850 1085 non
870 1034 914 1086 iur-

21 1139 29 1164 r
109 1107 174 1174 pedit
186 1106 367 1158 matrimonium.
383 1106 443 1170 Ergo
454 1119 499 1158 uee
512 1106 590 1158 uxoris
608 1105 702 1157 moisio.

142 1185 166 1230 3.
185 1181 320 1242 Praeterea,
339 1179 411 1244 nugis
432 1182 514 1243 peeeat
532 1179 575 1243 qui
592 1190 685 1230 uxorem
707 1177 799 1228 atterius
821 1183 914 1244 propter

110 1250 251 1303 adulterium
266 1249 395 1312 interfluit,
413 1249 481 1313 qnam
494 1249 535 1314 qui
546 1261 640 1301 uxorem
651 1247 782 1312 propriam,
799 1249 824 1300 in
842 1264 915 1314 quau-

111 1327 160 1375 tum
171 1323 252 1374 minim
266 1323 335 1374 habet
352 1323 380 1374 de
394 1322 493 1386 mutire,
510 1325 534 1372 et
549 1320 626 1372 minius
643 1320 673 1370 ad
688 1333 741 1372 eum
756 1323 845 1384 spectat
865 1326 916 1384 ejus

111 1395 233 1447 eorrectio.
247 1395 292 1446 Sed
312 1394 352 1458 qui
366 1393 463 1446 ederam
477 1407 571 1445 uxorem
584 1391 679 1452 oceidit,
697 1405 744 1443 non
762 1391 884 1460 impeditur
900 1395 914 1446 d

22 1483 23 1486 ¹
112 1466 268 1519 matrimonio.
287 1466 348 1528 Ergo
359 1479 403 1518 nee
414 1464 453 1516 itte
470 1465 511 1530 qui
523 1463 637 1530 propriam
652 1471 748 1515 utonem
765 1463 882 1524 interficit.

144 1543 169 1588 t.
182 1541 345 1600 Pratum«
364 1533 451 1588 remoti
469 1535 539 1586 camd
548 1572 557 1599 ,
569 1539 698 1586 removetur
719 1535 825 1586 eiieetus.
843 1538 916 1588 »Sed

113 1615 232 1674 peecatum
247 1607 363 1661 homicidit
375 1613 451 1672 potest
460 1621 500 1674 per
513 1606 672 1672 poenitentiam
684 1607 877 1672 removeriiirgo
889 1613 914 1660 et

115 1680 305 1746 impedimentum
317 1679 472 1740 matrimonii,
487 1679 546 1744 quod
558 1693 587 1730 ex
599 1691 627 1729 eo
638 1681 760 1740 causatum
771 1681 794 1729 et
806 1677 839 1728 ita
852 1679 916 1731 vide-

116 1754 152 1802 tur
163 1753 225 1818 qudd
240 1757 292 1818 post
306 1756 421 1818 peractam
439 1750 614 1816 poenitentiam,
626 1762 672 1800 uon
682 1749 829 1814 prohibeatur
839 1752 918 1804 matri·

115 1825 217 1875 monium
237 1825 383 1876 contrahere.

145 1895 188 1948 Sed
199 1901 280 1950 eontra
297 1899 342 1958 eet,
355 1896 417 1960 quod
427 1895 506 1947 Canon
523 1893 578 1946 dicit
588 1893 625 1958 tt)
641 1909 674 1943 :a
684 1893 845 1946 interfectores
859 1907 916 1945 sua-

116 1981 164 2018 rom
175 1969 302 2034 coniugum
316 1970 344 2020 ad
358 1966 514 2032 poenitentium
528 1964 646 2030 redigendi
658 1965 917 2032 runt,quinuspenitus

116 2039 241 2102 denegatur
251 2041 389 2106 eonjugium.
405 2055 420 2088 n

147 2111 262 2165 praterea
273 2149 280 2174 ‚
293 2127 309 2160 o
317 2113 341 2162 iu
351 2123 379 2166 ao
389 2111 415 2162 in
425 2123 471 2176 quo
482 2111 534 2175 quis
545 2110 713 2175 promererer
724 2109 793 2160 etiam
807 2107 915 2172 puniri.»

118 2181 160 2232 Sed
172 2187 255 2246 peceat
274 2186 352 2234 eontra
371 2181 613 2246 nutrimentumque
634 2193 728 2232 uxorein
753 2179 843 2232 occidit.
857 2179 917 2244 Ergo

119 2253 183 2304 dedet
195 2253 285 2320 puniri,
298 2257 324 2305 ut
335 2253 483 2306 matrimonio
495 2253 606 2318 privetur.

149 2326 309 2390 (maurusio.
319 2353 351 2364 -
363 2325 402 2376 Vir
412 2326 451 2390 qui
464 2339 557 2378 uxorem
575 2324 701 2386 occiderit,
714 2322 782 2374 atium
790 2338 820 2375 ex
834 2327 918 2377 statuto

119 2395 224 2451 Eootesia
237 2398 318 2449 ducere
336 2409 382 2448 uon
396 2400 488 2462 potest,
500 2397 545 2448 nisi
556 2396 584 2447 ab
597 2409 624 2447 ea
636 2395 680 2446 sibi
689 2394 826 2460 permissum
834 2397 914 2460 inerit,

119 2468 217 2522 vitaudm
230 2463 511 2522 imminuerentur
524 2482 579 2520 uero
592 2468 649 2518 eitra
662 2466 855 2530 dispensationem
867 2482 916 2518 rne-

122 2539 250 2592 trimonium
264 2540 415 2606 contraxerit,
424 2553 471 2593 non
481 2541 607 2602 dirimetur,
623 2537 667 2590 uisi
677 2551 729 2592 eam
739 2551 791 2590 oum
803 2539 920 2606 quaprids

121 2613 275 2666 moechabatur
288 2611 401 2676 duxerit.)

127 2801 134 2810 -
155 2776 186 2840 tt)
196 2781 231 2824 Ex
241 2779 339 2825 Nicotoo
356 2781 376 2838 1,
392 2779 641 2836 udArotriopisoopum
657 2778 824 2824 Biturieousem
837 2777 920 2824 reseri-

123 2840 194 2957 m,
200 2843 287 2954 ,flagra
295 2843 414 2953 ἐξείπω,
425 2840 625 2908 Consimili,
640 2853 682 2901 qu.
701 2843 726 2902 2,
739 2853 792 2900 oap.
802 2841 920 2902 interfoe-

935 3048 973 3104 Α
989 3035 990 3104 i
