1966 3304
468 30 492 58 d

111 145 158 194 nto
254 153 455 204 surrnnnnnnnu,
471 151 566 200 ounsr.
584 153 656 204 nxvn,
673 153 730 193 unm
745 155 769 194 v.

112 229 193 282 saltem
208 227 329 288 diuturna,
345 230 370 277 ut
384 239 413 277 ex
426 226 493 278 dions
512 228 576 292 patet
593 225 655 290 (art.
674 225 722 291 1);
738 231 760 280 et
775 231 858 282 contra
879 229 930 283 boc

112 302 205 353 nonest
217 299 292 362 aliqua
306 297 455 363 dispensatio.
469 297 514 348 Sed
531 296 641 362 quantum
658 297 686 348 ad
697 300 823 350 seeundum
835 301 928 366 linem,

111 373 151 439 qui
171 375 205 424 est
220 369 360 437 dispensatio
378 368 470 421 familiae
498 373 522 420 et
542 369 717 421 communicatio
736 384 846 438 operum,
863 387 929 426 uxor
974 423 975 426 ,

111 443 259 510 conjungitur
277 441 326 492 viro
340 445 366 491 ut
380 440 451 492 soria.
466 441 511 491 Sed
523 442 567 492 boc
585 441 662 492 deerat
674 442 699 492 in
711 441 748 494 bis
761 457 812 508 que
830 459 929 497 conco.

112 517 176 568 br'noe
192 513 381 578 nominabantnr3
395 512 421 562 in
435 515 481 564 boc
501 512 563 564 enim
579 515 669 578 poterat
690 525 742 565 essc
758 516 928 581 dispensatio,

111 589 162 638 edm
176 587 207 638 sil
226 585 373 639 secundarius
387 584 525 635 matrimonii
538 585 599 635 linis.
619 585 649 634 Et
663 599 693 636 ex
710 587 754 636 beo
767 587 838 638 etiam
854 595 927 654 parte

111 659 226 710 habebant
239 657 322 722 aliquid
335 657 409 708 simile
422 655 574 720 concubinis,
591 657 680 708 ratione
695 653 765 724 'cujus
776 655 927 714 concubium

112 731 295 783 nominabantur.
623 727 624 732 ’

143 803 177 854 nd
194 802 292 866 primunr
309 814 362 864 ergo
384 801 519 864 dicendum,
534 801 594 866 quod
615 801 698 853 habero
717 801 796 866 plures
815 816 864 854 non
886 811 925 860 est
974 807 975 816 ³

112 879 192 927 eontra
211 873 285 938 prima
302 875 419 938 praecepta
438 873 496 936 legis
514 877 617 935 nature,
631 873 691 924 sicut
703 874 788 925 bebere
808 877 924 928 concubi-

112 959 179 1008 nam,
195 949 221 996 ut
238 958 267 996 ex
280 944 347 996 dictis
360 947 424 1010 patet
438 945 491 1009 (art.
508 944 543 1010 l).
558 945 588 994 Et
601 944 653 995 ideo
672 943 729 996 ratio
743 958 789 996 non
801 948 918 1011 sequitur.

144 1019 179 1069 dd
194 1017 318 1068 secundum
332 1015 451 1067 dicendum
461 1055 468 1079 ,
479 1014 539 1081 qnbd
556 1015 646 1080 antiqui
660 1019 742 1068 Patres
755 1030 783 1068 ea
796 1017 923 1082 dispensa-

112 1091 175 1141 tione
185 1101 230 1154 quc
239 1089 315 1152 plnres
323 1088 440 1138 'habebant
449 1101 541 1151 uxores,
549 1089 579 1138 ad
588 1087 828 1143 aneillasaccedebant
837 1091 923 1142 uxorio

112 1163 204 1212 allecto.
219 1161 289 1211 lirant
306 1160 366 1212 cuim
385 1173 466 1211 uxores
485 1159 595 1225 quantiam
609 1161 638 1210 cd
657 1159 807 1231 principalem
821 1165 845 1212 et
865 1163 923 1226 pri-

114 1234 218 1284 marium
232 1233 301 1283 finem
314 1231 468 1295 matrimonii,
481 1233 521 1282 sed
540 1245 587 1282 non
606 1230 716 1295 quantim
735 1231 762 1282 ad
776 1229 843 1282 aliam
863 1247 924 1285 con-

111 1306 270 1370 junctionem,
293 1319 344 1370 quoe
362 1304 456 1369 respicit
478 1303 636 1355 secundarium
658 1303 739 1366 finem,
758 1303 795 1352 eni
811 1304 917 1358 conditio

115 1377 230 1428 seruitutis
238 1377 368 1442 opponitur,
377 1375 428 1426 cium
438 1388 485 1427 non
495 1376 569 1440 possit
577 1374 645 1426 simul
655 1388 705 1426 esse
716 1375 778 1427 socia
788 1379 812 1426 et
827 1377 920 1430 aneilla.

147 1451 181 1500 lid
195 1450 288 1500 tertium
299 1449 432 1508 dicendum,
444 1447 505 1512 quod
519 1448 578 1500 sicut
588 1449 613 1498 in
624 1449 676 1513 lege
689 1449 762 1512 bloysi
774 1463 816 1515 per
827 1449 923 1516 dispen-
974 1473 975 1514 3

116 1525 228 1576 sationem
242 1524 324 1574 licebat
341 1524 394 1574 dare
407 1523 508 1574 libellum
522 1522 611 1587 repudii
627 1523 655 1574 ad
669 1523 801 1574 evitandum
820 1525 924 1576 uxorici-
974 1553 975 1560 ι

116 1595 195 1656 dium,
211 1598 236 1646 ut
247 1595 334 1646 dicetur
348 1595 396 1660 (qu.
410 1599 452 1658 67,
465 1598 507 1645 art.
523 1595 558 1658 6),
568 1595 601 1646 ita
611 1609 640 1646 en
653 1595 733 1646 eadem
746 1593 922 1660 dispensatione

116 1666 180 1717 licuit
194 1667 289 1716 llbrabae
305 1665 389 1729 ejicere
404 1668 463 1732 Agar
474 1667 502 1717 ad
517 1665 690 1727 significandum
707 1667 841 1732 mysterium
859 1671 922 1732 quod
974 1671 975 1698 r

116 1737 237 1801 Apostolus
251 1737 349 1802 explieat
365 1737 463 1802 Galat,
480 1739 518 1788 IV.
534 1739 598 1798 Quod
618 1738 687 1790 eliam
703 1737 742 1790 ille
765 1738 827 1790 lilius
843 1741 921 1791 haeres
974 1737 975 1794 ἶ

116 1821 163 1858 non
184 1808 270 1870 luerit,
285 1809 313 1858 ad
330 1809 465 1873 mysterium
480 1809 599 1872 pertinet,
614 1812 639 1859 ut
658 1809 743 1861 ibidem
760 1813 840 1874 patet,
860 1809 921 1864 siout

116 1884 140 1929 ct
153 1878 211 1943 qudd
221 1879 289 1939 Esau,
300 1879 360 1930 filins
369 1881 458 1942 liberae,
472 1883 545 1932 baeres
555 1894 601 1932 non
610 1881 663 1943 luit,
672 1885 698 1932 ut
708 1885 772 1944 patet
787 1883 869 1942 Rom„
878 1883 919 1934 Ill.
974 1921 975 1926 η

118 1948 228 1999 Similiter
244 1949 312 1998 etiem
331 1953 423 2014 propter
437 1951 572 2015 mysterium
587 1951 673 2000 iactum
684 1951 743 2017 luit,
759 1949 836 2003 attilii
849 1954 920 2005 laceb
974 1979 975 2012 ι

119 2035 150 2072 ex
162 2021 250 2072 ancillis
263 2025 286 2072 et
302 2022 380 2072 liberis
391 2023 448 2084 nuti,
464 2023 568 2074 heredes
583 2026 701 2094 esseut,ut
712 2024 851 2088 Augustinus
864 2026 921 2077 dicit
974 2031 975 2092 l

122 2093 224 2157 (Troct.
237 2093 278 2144 lll.
294 2095 320 2142 lo
336 2093 420 2156 loom,
429 2093 449 2158 )‚
462 2094 516 2160 quia
527 2093 616 2145 Christo
631 2098 757 2145 naseuntur
771 2097 795 2146 in
807 2096 918 2162 baptismo
974 2103 975 2120 ¹

119 2165 161 2214 lilii
172 2167 196 2214 el
209 2165 325 2228 heredes,
341 2168 389 2215 tam
402 2180 446 2230 per
456 2166 535 2226 bonos,
551 2179 608 2230 quos
621 2165 692 2219 libera
706 2165 819 2231 significat
827 2205 835 2232 ‚
850 2167 917 2236 qudm
974 2225 975 2232 y

119 2247 161 2302 per
173 2236 245 2288 malm
259 2235 390 2303 ministros,
402 2237 442 2303 qui
456 2249 498 2302 per
512 2238 605 2291 ancillas
616 2237 783 2302 significantur.
974 2237 975 2258 ³
