1948 3312
148 137 196 190 ooo
286 141 484 190 terruannorum,
501 143 595 189 nossa.
612 141 666 193 ani,
683 143 738 182 aar.
757 146 794 184 rar,

144 219 232 270 desinet
247 229 297 271 esse
319 232 388 270 eausa
404 216 567 282 generationis,
579 229 625 270 non
640 219 766 270 remanebit
787 223 881 284 motas,
895 223 932 273 ned
964 233 965 278 t

142 288 266 340 remanebit
277 288 367 340 claritas
379 288 437 350 eins.
964 287 965 290 ’

173 361 207 411 td
221 360 311 412 tertinm
325 360 453 417 nitendum,
465 357 524 422 quoi
534 370 602 420 snper
619 356 756 416 illationi„
772 359 835 410 XXX
846 377 878 410 :a
887 363 931 412 Xrit

142 431 181 480 inx
192 431 252 480 luna
266 429 325 480 sieut
337 429 375 479 lnr
387 428 479 488 soiis‚o
494 427 549 478 dicit
561 427 655 478 Glossa:
668 427 770 478 «Omnia
784 434 881 494 propter
894 435 932 483 to-

141 498 226 550 minem
241 501 311 554 taeta.
326 501 379 549 sont
393 498 417 548 io
434 498 485 561 ejus
503 497 721 561 lapsnpejorata,et
735 497 769 548 soi
783 501 808 549 et
821 499 880 551 lnna
892 515 932 552 sno
964 519 965 522 ¹

141 567 225 620 lumine
239 569 382 618 minorata.»
397 567 451 626 Quae
465 565 555 630 quidem
568 567 686 619 minoratio
696 566 710 618 t
722 566 859 630 quibasdam
865 569 932 622 intet-
964 569 965 580 ¹

140 637 216 702 ligitur
234 637 355 688 secundnm
372 639 456 690 reatem
479 636 649 688 minorationem
669 636 770 687 taminia.
788 639 838 688 Nee
859 641 931 692 ohstm

140 709 200 770 qnod
220 721 311 771 corpora
331 708 432 760 eoelestia
448 706 571 758 secundnm
589 710 691 758 naturam
708 711 761 758 sunt
778 707 930 772 invariabilis,

140 777 193 841 qnia
203 777 241 828 itia
258 778 353 828 variatio
366 779 427 830 iacta
440 782 476 830 est
487 777 501 828 a
512 777 589 827 divine
599 776 689 827 virtute.
703 777 748 828 itii
758 777 811 828 nero
825 780 931 843 nmati-

140 845 184 896 liis
202 847 346 910 intelligunt,
360 848 532 900 minorationem
550 847 610 898 itam
627 859 679 898 esse
697 846 816 910 dieentes,
828 861 879 901 non
896 865 931 904 se

139 916 239 968 eundem
257 917 338 970 realem
350 918 443 970 lnmiois
462 919 586 980 detentum,
601 918 642 969 sed
654 916 728 982 guono
739 931 806 968 nsnm
819 920 930 978 hominm,

139 987 179 1050 gni
196 1000 242 1040 non
258 991 346 1041 tantnm
362 988 497 1040 beneficiam
515 1001 545 1039 ex
565 986 649 1040 lumina
668 999 787 1052 enronrnm
803 989 930 1044 minatam

139 1062 191 1122 post
212 1062 328 1124 neemiam
351 1063 485 1112 eonsecntns
504 1063 552 1121 est,
569 1059 678 1122 qnantum
699 1061 753 1109 ante
774 1057 875 1125 inissem
891 1076 930 1125 per

139 1141 206 1194 quem
219 1130 286 1180 etiarn
301 1131 391 1182 modam
405 1131 488 1181 dicitnr
501 1131 598 1190 Gener,
609 1130 642 1178 111
654 1143 660 1177 :
677 1127 820 1180 «Maledicta
833 1134 928 1184 terrain

139 1205 273 1266 oneretno,
288 1201 366 1265 spinas
380 1204 403 1251 et
415 1200 510 1251 tributos
526 1198 660 1262 germinabit
677 1197 763 1261 tibin
782 1213 836 1264 qum
854 1208 928 1256 um

138 1270 207 1322 etiam
223 1274 276 1322 ante
284 1271 392 1337 spinaset
402 1270 497 1321 tribulos
508 1269 668 1332 germinasset,
679 1269 720 1319 sed
730 1281 777 1320 non
790 1270 817 1320 io
829 1271 929 1324 hominis

138 1353 239 1404 omnem.
256 1342 303 1394 Neo
315 1345 391 1392 tamen
403 1340 519 1404 seqnitur,
532 1339 553 1388 si
569 1338 609 1389 lux
620 1337 745 1390 mortium
756 1352 882 1406 corporum
894 1358 929 1409 ner

139 1412 260 1464 essentiam
272 1412 382 1464 minorato
390 1422 436 1464 non
449 1414 484 1462 est
496 1408 622 1460 innomine
635 1412 754 1473 neenante,
767 1411 831 1474 qnod
842 1413 929 1466 realiter

139 1494 187 1534 non
200 1482 371 1546 sitaugendain
386 1481 437 1546 eins
448 1479 618 1546 glorificatione.
630 1479 687 1540 Quia
700 1483 821 1544 peceatum
831 1483 930 1534 nominis

140 1564 187 1604 non
202 1553 330 1604 immutarit
344 1555 427 1604 statum
440 1550 555 1611 universi,
569 1549 620 1600 eim
637 1549 704 1600 etiam
717 1550 785 1602 homo
795 1551 863 1616 prins
875 1555 929 1604 sient

140 1627 235 1688 etpost,
249 1622 369 1676 animalem
388 1622 459 1673 ritem
471 1619 589 1684 habuerit,
604 1633 654 1685 qum
667 1623 730 1672 motn
746 1623 771 1672 et
782 1625 930 1685 generatione

141 1692 261 1759 corporatis
277 1699 383 1746 ereatura
402 1691 497 1756 indiget.
518 1691 564 1742 Sed
582 1689 714 1754 glorificatio
729 1690 831 1744 hominis
847 1699 930 1746 statnnr

140 1766 212 1816 totins
226 1766 346 1830 corporatis
358 1767 466 1816 creatore
478 1761 621 1826 immutabit,
634 1764 660 1812 nt
669 1760 754 1813 dietum
767 1765 804 1814 est
818 1763 876 1830 (gn.
887 1769 928 1828 ⁸16,

51 1829 54 1836 “
140 1840 183 1886 aet.
193 1837 233 1897 t).
249 1836 279 1886 m
290 1836 343 1888 ineo
356 1839 447 1888 nonest
459 1833 541 1886 simne.

170 1905 205 1956 nd
218 1909 323 1969 quntum
334 1905 467 1968 nioenonm,
480 1904 541 1968 qnod
550 1901 669 1954 minoratio
681 1903 733 1968 iita',
746 1908 773 1954 nt
791 1905 929 1970 probabitis
963 1939 964 1950 t

140 1976 281 2035 estimatur,
297 1985 342 2027 non
357 1974 401 2026 init
417 1973 539 2026 murdim
560 1973 724 2038 substantiam,
743 1975 786 2026 sed
802 1977 929 2028 menonem

97 2096 105 2113 ,
139 2047 254 2100 etieetom.
265 2045 330 2098 Unda
344 2055 392 2096 non
404 2044 506 2108 requiem
514 2044 573 2108 qnod
583 2043 641 2096 luna
649 2043 927 2112 existemsnpsrterram
963 2069 964 2138 ,

139 2115 371 2178 trenorcienses
384 2113 445 2178 qnod
461 2119 553 2166 tantum
565 2115 706 2168 commodum
725 2127 754 2166 er
772 2115 861 2167 tamine
873 2117 928 2168 tune
963 2141 964 2158 r

140 2189 210 2242 homo
227 2191 283 2236 tene
299 2181 422 2248 habuisset,
433 2182 494 2236 sicut
506 2196 566 2236 nune
584 2185 652 2236 habet
666 2197 695 2236 ex
707 2185 793 2238 lumine
806 2187 874 2238 solis.
887 2187 927 2236 Set
963 2243 964 2246 Ἰ

141 2263 194 2324 nost
212 2254 413 2317 resurrectionem,
427 2256 517 2318 qnando
538 2255 577 2306 iux
593 2255 654 2308 tunm
671 2256 788 2319 angeoitnr
805 2257 927 2310 sennanim
963 2269 964 2292 ¹

141 2329 175 2382 rai
192 2326 324 2389 veritatem,
337 2323 432 2376 nonerit
440 2323 522 2377 attenti
532 2338 578 2378 nox
587 2329 754 2389 superterram,
767 2325 810 2377 sed
819 2325 928 2378 solimin

141 2403 217 2452 centro
234 2399 314 2458 terre,
329 2395 367 2446 uhi
385 2395 428 2446 erit
441 2394 553 2448 internus.
570 2396 627 2455 Quin
643 2399 711 2459 tune,
725 2399 751 2446 ut
765 2395 863 2459 dicitur,
879 2397 928 2448 ium

141 2467 226 2520 tenebit
235 2469 343 2530 quantum
353 2466 413 2518 inest
426 2479 488 2518 nnnn
503 2466 552 2528 sol,
569 2467 604 2518 sot
613 2468 697 2526 nomm,
703 2464 729 2515 in
742 2465 874 2530 septantam
882 2467 928 2532 plns

142 2538 211 2602 qnam
229 2535 296 2588 modo
315 2537 396 2588 incest.
412 2537 512 2602 Corpora
529 2539 604 2588 autem
618 2535 746 2600 beatorum,
757 2536 845 2601 mottes
859 2538 927 2602 nmgia

142 2608 199 2670 sole,
212 2607 315 2672 quamvis
326 2607 370 2660 hoe
381 2619 426 2660 non
439 2607 469 2658 sit
479 2603 553 2669 aliqui
568 2603 698 2660 annositate
716 2605 753 2658 ret
770 2606 861 2659 ratione
875 2620 926 2674 pro·

143 2679 219 2732 bntnm
233 2677 278 2744 (t).

176 2818 207 2883 (t)
222 2822 308 2879 Xenone
319 2821 347 2868 dn
360 2821 493 2878 corporibus
503 2820 623 2864 beaterum
636 2818 698 2878 qnod
714 2817 748 2864 sie
759 2817 863 2882 tumme,
873 2821 923 2870 ein
