1936 3306
195 65 226 136 no
242 93 376 143 cornuam
391 93 520 137 corrosor
536 95 593 142 oon
608 95 729 138 oscnoou.
816 89 862 138 oto

88 181 114 226 3.
128 175 258 238 mamma,
272 173 367 238 graviim
378 173 503 239 puniuntor
520 177 616 240 peccata
633 179 687 241 post
700 177 760 227 bane
774 176 861 240 vitam,
909 191 914 201 ·

51 247 125 313 quim
140 248 166 298 in
177 247 226 298 vita
236 247 294 308 ista,
305 246 345 297 nbi
358 245 565 300 estmiserioordlm
579 247 650 299 locus.
663 249 708 300 iled
721 249 746 299 in
757 251 802 300 hac
811 250 865 302 vitu-

49 320 180 384 respondet
194 318 301 384 originali
320 327 388 382 porna
406 317 536 383 smsibilis3
556 319 622 384 pueri
642 321 704 372 enim
724 321 764 384 qui
783 320 860 372 solum

48 393 164 457 originale
176 393 277 455 babent,
291 391 374 442 multas
397 403 477 460 pmous
494 392 616 444 sensibiles
626 393 755 456 sustinent,
768 405 812 445 nec
825 393 862 444 tn·

46 465 123 530 iuste.
144 465 205 529 iirgo
217 465 308 529 etpost
321 465 381 514 bane
392 464 463 516 ritum
476 475 544 530 poena
558 464 673 517 sensibilis
687 465 710 518 ei
723 466 829 518 debetur.

83 543 110 589 t.
125 537 257 598 praterea,
271 537 331 587 slent
347 536 373 586 iu
387 541 483 601 peccmo
500 537 584 588 annali
603 543 639 589 est
658 537 752 590 aversio
766 543 793 590 et
807 552 862 592 con-

48 611 140 671 versio,
155 609 189 660 ita
203 611 227 659 et
238 607 263 658 in
273 611 370 673 peceato
384 607 490 670 originali
503 607 591 672 aliquia
609 609 724 660 aversioni
738 613 862 676 respondet

50 683 161 748 (scilcet
179 680 280 746 privatio
293 679 411 745 originalis
422 680 519 744 institia
527 679 546 744 ),
561 684 584 731 ot
596 679 683 744 aliona
697 683 859 749 conversioni,

48 755 142 806 scilicet
150 751 344 818 concupiscentia.
353 752 397 803 sel
407 755 501 816 peceato
511 751 595 802 actuali
604 752 692 803 ratione
702 754 860 807 conversionis

47 827 234 890 debetnrpcena
248 823 317 889 ignis.
332 823 393 888 Ergo
401 827 425 874 et
438 821 543 888 originali
556 823 644 874 ratione
654 825 859 890 concupiscentie.

82 902 108 948 s.
130 898 259 960 armena,
278 904 371 962 corpora
391 898 513 961 puerorum
533 895 585 960 post
605 895 795 948 resurrectionem
821 903 860 948 out

48 973 121 1020 erunt
140 967 273 1034 passibilia,
284 971 324 1018 aut
342 966 501 1032 impassibilis.
517 967 544 1016 Sr
558 965 722 1031 impassibilia,
733 971 756 1018 et
772 969 860 1020 nultum

47 1042 277 1106 corpne'bumenum
295 1041 372 1104 potest
390 1049 439 1090 esse
448 1037 591 1103 impassibile
601 1072 608 1101 ,
618 1037 664 1088 nisi
677 1039 715 1088 vel
729 1051 770 1104 per
785 1037 860 1092 dotem

49 1112 249 1180 impassibilitatis
259 1111 329 1174 (sicut
343 1115 379 1162 est
392 1111 416 1160 in
426 1109 569 1176 beatis)‚‘vel
580 1110 668 1160 ratione
682 1109 799 1174 caprulis
812 1113 860 1176 jus-

48 1187 107 1238 titias
121 1185 199 1251 (sicut
214 1185 239 1234 in
249 1185 310 1234 statu
323 1181 487 1246 innocentis).
504 1183 563 1245 iirgo
576 1191 672 1244 corpora
685 1195 810 1245 puerorum
822 1186 859 1236 vel

50 1259 176 1310 babebnmt
184 1257 259 1308 dotem
270 1253 472 1318 impassibilitatis,
486 1257 509 1304 et
522 1255 556 1308 sio
570 1253 667 1317 gloriosa
682 1257 765 1316 erunt,
778 1259 802 1306 ct
813 1266 859 1306 non

50 1332 97 1384 erit
108 1328 240 1383 albemaria
252 1325 313 1377 inter
326 1337 412 1391 pucros
421 1325 550 1391 baptizatos
562 1329 586 1376 et
597 1324 789 1391 nnnbaptiratos,
799 1329 860 1391 qnod

51 1408 89 1454 est
103 1401 259 1463 haereticum
272 1395 308 1449 vel
327 1396 459 1462 originalem
470 1397 585 1462 justitiam
597 1394 723 1460 habebunt,
735 1401 759 1448 et
769 1399 803 1448 sio
815 1399 862 1450 ori-

52 1475 130 1540 ginali
140 1475 234 1538 peccato
251 1469 375 1531 carebunt,
385 1481 429 1521 nee
440 1483 482 1534 pro
497 1471 590 1534 peccato
604 1467 711 1531 originali
724 1469 859 1534 punientur,

51 1548 115 1611 qnod
130 1547 168 1596 est
184 1543 289 1594 similiter
301 1539 442 1594 haereticum.
454 1541 479 1591 Si
490 1543 567 1591 antem
584 1538 632 1590 sint
643 1539 775 1604 passibiliag
791 1555 860 1594 omne

51 1625 133 1671 autem
147 1613 257 1682 passibile
270 1615 298 1665 ale
311 1611 449 1664 noemsitute
461 1611 560 1676 patitur,
573 1609 648 1662 actim
663 1615 785 1675 praesente.
800 1614 860 1678 Ergo

51 1690 210 1756 presentibus
224 1685 356 1752 corporibus
372 1681 518 1736 sensibilibus
529 1681 611 1734 activis
623 1681 754 1734 sensibilem
768 1697 860 1750 poenam

80 1765 181 1816 tientur.
325 1775 327 1782 ·
355 1775 357 1784 ’
742 1783 744 1794 =

51 1779 130 1889 pabasol
149 1837 243 1896 contra,
257 1829 466 1896 augustinusdicit
478 1839 571 1894 posnam
582 1829 741 1894 parvulorum,
758 1831 797 1895 qui
813 1831 859 1883 ori-

52 1908 127 1976 ginali
139 1905 230 1958 tantim
246 1907 369 1964 tenentur,
382 1901 484 1955 omnium
503 1911 554 1952 esse
574 1899 729 1952 mitissimam.
751 1903 796 1952 sed
814 1905 858 1954 boc

51 1995 98 2032 non
114 1980 191 2040 esset,
202 1977 222 2028 si
234 1975 338 2028 sensibili
349 1973 597 2040 penatespenates
609 1971 662 2037 quiin
673 1983 742 2038 prena
755 1973 867 2038 ignisin··

53 2051 113 2105 lesui
124 2055 161 2102 cst
171 2048 315 2114 gravissima.
330 2047 389 2111 Ergo
400 2057 491 2110 poenam
503 2044 636 2095 sensibilem
647 2057 694 2096 non
706 2045 860 2096 sustinebunt.

84 2125 211 2183 proterea,
226 2119 339 2170 acerbitas
352 2131 427 2184 poenas
438 2116 554 2168 sensibilis
564 2115 708 2166 delectationi
722 2117 796 2179 culpe
809 2129 859 2168 res·

52 2197 152 2261 prunoet,
167 2192 281 2260 Aproni„
296 2193 370 2260 ilvllt
382 2207 389 2242 :
402 2207 416 2240 u
428 2193 542 2250 Quantum
555 2186 689 2252 glorificavit
701 2201 728 2238 se
745 2191 769 2238 et
781 2189 806 2238 in
821 2188 860 2238 de-

53 2267 117 2319 liciis
134 2263 194 2329 fuit,
209 2269 296 2334 tantam
310 2266 364 2314 date
374 2263 408 2314 iili
419 2266 597 2325 tormentum»
611 2262 657 2310 ete.
671 2259 717 2310 Sed
732 2259 756 2310 iu
765 2265 860 2324 peccato

54 2335 163 2405 originali
175 2347 223 2388 non
238 2339 273 2387 cst
285 2335 361 2400 otique
372 2334 494 2386 ostentatio
506 2373 512 2396 ‚
528 2332 587 2383 sicut
598 2331 771 2396 necsoperatim
783 2331 860 2382 delec-

54 2414 113 2464 tatio
124 2410 186 2462 enirn
204 2409 361 2474 operationem
373 2407 531 2471 misequitur,
543 2408 569 2455 ut
580 2417 609 2456 eor
618 2406 647 2455 ll.
663 2403 748 2454 Etbio.
763 2403 859 2468 (capt

55 2485 105 2536 sive
119 2482 144 2547 o)
157 2485 229 2545 pater.
244 2481 306 2544 Ergo
315 2483 410 2544 peccato
422 2479 527 2542 originali
540 2489 587 2528 nou
599 2477 695 2528 debetur
707 2489 777 2540 pmna
788 2475 857 2540 ignis.

86 2557 213 2616 Praeterea,
228 2551 350 2617 Gregorius
358 2551 530 2612 Nazianzenus,
542 2549 606 2600 Orat.
616 2545 668 2609 xl,
682 2561 735 2611 qum
749 2549 776 2597 io
788 2561 860 2598 sono

57 2631 111 2679 tuot
124 2626 254 2690 baptismo
267 2623 413 2688 inscribitur,
423 2624 468 2675 trio
481 2635 567 2688 genera
576 2631 624 2672 non
638 2619 804 2686 baptizatorum
813 2621 859 2672 dis-

55 2701 177 2762 tinguens,
192 2695 232 2760 oui
251 2696 288 2746 vel
307 2695 443 2761 baptismum
461 2696 664 2756 conmmpserunt,
684 2691 721 2742 vel
734 2705 764 2762 er
783 2693 857 2756 negli-

58 2772 133 2834 gentis
147 2779 188 2818 sna
198 2775 272 2832 usqne
281 2768 310 2819 ad
324 2767 391 2818 tinem
404 2767 460 2818 vitm
471 2765 607 2816 distulerunt
616 2765 639 2813 et
652 2764 777 2828 improvisi
787 2769 860 2814 morte

59 2843 160 2896 abierunt
169 2841 222 2904 ‚vel
231 2837 286 2894 *sine
299 2839 370 2904 impr
381 2849 425 2892 sua
433 2849 488 2892 eom
498 2846 545 2890 non
554 2840 697 2902 receperunt,
708 2840 733 2888 nt
746 2835 856 2899 inientes
