<?xml version="1.0" encoding="UTF-8"?>
<!DOCTYPE html PUBLIC "-//W3C//DTD XHTML 1.0 Transitional//EN"
    "http://www.w3.org/TR/xhtml1/DTD/xhtml1-transitional.dtd">
<html xmlns="http://www.w3.org/1999/xhtml" xml:lang="en" lang="en">
 <head>
  <title>
</title>
<meta http-equiv="Content-Type" content="text/html;charset=utf-8" />
  <meta name='ocr-system' content='tesseract 3.04.00' />
  <meta name='ocr-capabilities' content='ocr_page ocr_carea ocr_par ocr_line ocrx_word'/>
</head>
<body>
  <div class='ocr_page' id='page_1' title='image "./summatheologica06nicogoog_0329.png"; bbox 0 0 1936 3306; ppageno 0'>
   <div class='ocr_carea' id='block_1_1' title="bbox 148 171 824 224">
    <p class='ocr_par' dir='ltr' id='par_1_1' title="bbox 148 171 824 224">
     <span class='ocr_line' id='line_1_1' title="bbox 148 171 824 224; baseline 0.006 -9"><span class='ocrx_word' id='word_1_1' title='bbox 148 176 179 215; x_wconf 83' lang='lat' dir='ltr'>nn</span> <span class='ocrx_word' id='word_1_2' title='bbox 193 173 328 222; x_wconf 75' lang='lat' dir='ltr'>colurum</span> <span class='ocrx_word' id='word_1_3' title='bbox 343 173 472 215; x_wconf 78' lang='lat' dir='ltr'>numenoio</span> <span class='ocrx_word' id='word_1_4' title='bbox 488 172 544 222; x_wconf 77' lang='lat' dir='ltr'>ons</span> <span class='ocrx_word' id='word_1_5' title='bbox 559 175 696 224; x_wconf 78' lang='lat' dir='ltr'>nncnnnur.</span> <span class='ocrx_word' id='word_1_6' title='bbox 778 171 824 219; x_wconf 71' lang='lat' dir='ltr'>tuti</span> 
     </span>
    </p>
   </div>
   <div class='ocr_carea' id='block_1_2' title="bbox 26 247 898 2335">
    <p class='ocr_par' dir='ltr' id='par_1_2' title="bbox 29 247 828 522">
     <span class='ocr_line' id='line_1_2' title="bbox 33 247 825 320; baseline 0.008 -20"><span class='ocrx_word' id='word_1_7' title='bbox 33 254 77 302; x_wconf 88' lang='lat' dir='ltr'>antu</span> <span class='ocrx_word' id='word_1_8' title='bbox 90 247 182 317; x_wconf 80' lang='lat' dir='ltr'>proprio</span> <span class='ocrx_word' id='word_1_9' title='bbox 193 253 333 319; x_wconf 83' lang='lat' dir='ltr'>praemietur.</span> <span class='ocrx_word' id='word_1_10' title='bbox 350 253 415 304; x_wconf 84' lang='lat' dir='ltr'>Unde</span> <span class='ocrx_word' id='word_1_11' title='bbox 423 252 529 304; x_wconf 84' lang='lat' dir='ltr'>delectus</span> <span class='ocrx_word' id='word_1_12' title='bbox 539 252 592 304; x_wconf 88' lang='lat' dir='ltr'>telis</span> <span class='ocrx_word' id='word_1_13' title='bbox 604 252 682 317; x_wconf 79' lang='lat' dir='ltr'>gratiae</span> <span class='ocrx_word' id='word_1_14' title='bbox 695 263 742 304; x_wconf 89' lang='lat' dir='ltr'>non</span> <span class='ocrx_word' id='word_1_15' title='bbox 751 257 825 320; x_wconf 79' lang='lat' dir='ltr'>magis</span> 
     </span>
     <span class='ocr_line' id='line_1_3' title="bbox 31 322 828 390; baseline 0.006 -18"><span class='ocrx_word' id='word_1_16' title='bbox 31 323 139 375; x_wconf 82' lang='lat' dir='ltr'>tristitiam</span> <span class='ocrx_word' id='word_1_17' title='bbox 153 331 232 376; x_wconf 71' lang='lat' dir='ltr'>ceusu</span> <span class='ocrx_word' id='word_1_18' title='bbox 243 325 268 376; x_wconf 92' lang='lat' dir='ltr'>in</span> <span class='ocrx_word' id='word_1_19' title='bbox 280 325 359 389; x_wconf 84' lang='lat' dir='ltr'>pueris</span> <span class='ocrx_word' id='word_1_20' title='bbox 371 322 535 376; x_wconf 75' lang='lat' dir='ltr'>decedentibus</span> <span class='ocrx_word' id='word_1_21' title='bbox 553 337 599 376; x_wconf 94' lang='lat' dir='ltr'>non</span> <span class='ocrx_word' id='word_1_22' title='bbox 615 325 738 390; x_wconf 84' lang='lat' dir='ltr'>baptizatis</span> <span class='ocrx_word' id='word_1_23' title='bbox 755 325 828 390; x_wconf 79' lang='lat' dir='ltr'>qutun</span> 
     </span>
     <span class='ocr_line' id='line_1_4' title="bbox 30 395 825 463; baseline 0.01 -21"><span class='ocrx_word' id='word_1_24' title='bbox 30 395 199 460; x_wconf 75' lang='lat' dir='ltr'>insanientibus</span> <span class='ocrx_word' id='word_1_25' title='bbox 212 399 256 450; x_wconf 89' lang='lat' dir='ltr'>hoc</span> <span class='ocrx_word' id='word_1_26' title='bbox 265 398 326 462; x_wconf 84' lang='lat' dir='ltr'>quod</span> <span class='ocrx_word' id='word_1_27' title='bbox 336 397 371 449; x_wconf 84' lang='lat' dir='ltr'>eis</span> <span class='ocrx_word' id='word_1_28' title='bbox 383 397 461 450; x_wconf 77' lang='lat' dir='ltr'>multe</span> <span class='ocrx_word' id='word_1_29' title='bbox 470 397 551 461; x_wconf 72' lang='lat' dir='ltr'>gratie</span> <span class='ocrx_word' id='word_1_30' title='bbox 561 410 607 449; x_wconf 90' lang='lat' dir='ltr'>uon</span> <span class='ocrx_word' id='word_1_31' title='bbox 618 397 691 463; x_wconf 91' lang='lat' dir='ltr'>liunt,</span> <span class='ocrx_word' id='word_1_32' title='bbox 706 411 757 463; x_wconf 62' lang='grc' dir='ltr'>(με</span> <span class='ocrx_word' id='word_1_33' title='bbox 772 399 825 450; x_wconf 88' lang='lat' dir='ltr'>eliis</span> 
     </span>
     <span class='ocr_line' id='line_1_5' title="bbox 29 467 294 522; baseline 0.023 -6"><span class='ocrx_word' id='word_1_34' title='bbox 29 467 135 520; x_wconf 79' lang='lat' dir='ltr'><strong>similibus</strong></span> <span class='ocrx_word' id='word_1_35' title='bbox 149 469 217 522; x_wconf 74' lang='lat' dir='ltr'>iacto</span> <span class='ocrx_word' id='word_1_36' title='bbox 230 473 294 522; x_wconf 91' lang='lat' dir='ltr'>sunt.</span> 
     </span>
    </p>

    <p class='ocr_par' dir='ltr' id='par_1_3' title="bbox 27 541 824 824">
     <span class='ocr_line' id='line_1_6' title="bbox 53 541 824 608; baseline 0.004 -19"><span class='ocrx_word' id='word_1_37' title='bbox 53 541 194 606; x_wconf 79' lang='lat' dir='ltr'>ltprimum</span> <span class='ocrx_word' id='word_1_38' title='bbox 207 555 260 606; x_wconf 77' lang='lat' dir='ltr'>ergo</span> <span class='ocrx_word' id='word_1_39' title='bbox 275 541 413 606; x_wconf 84' lang='lat' dir='ltr'>dicendum,</span> <span class='ocrx_word' id='word_1_40' title='bbox 424 541 483 606; x_wconf 83' lang='lat' dir='ltr'>quod</span> <span class='ocrx_word' id='word_1_41' title='bbox 498 543 522 594; x_wconf 93' lang='lat' dir='ltr'>in</span> <span class='ocrx_word' id='word_1_42' title='bbox 531 542 643 594; x_wconf 86' lang='lat' dir='ltr'>damnatis</span> <span class='ocrx_word' id='word_1_43' title='bbox 652 553 694 608; x_wconf 86' lang='lat' dir='ltr'>pro</span> <span class='ocrx_word' id='word_1_44' title='bbox 707 542 774 607; x_wconf 83' lang='lat' dir='ltr'>culpa</span> <span class='ocrx_word' id='word_1_45' title='bbox 785 555 824 592; x_wconf 86' lang='lat' dir='ltr'>ac·</span> 
     </span>
     <span class='ocr_line' id='line_1_7' title="bbox 27 612 824 679; baseline 0.003 -17"><span class='ocrx_word' id='word_1_46' title='bbox 27 613 90 675; x_wconf 86' lang='lat' dir='ltr'>lculi,</span> <span class='ocrx_word' id='word_1_47' title='bbox 106 613 148 679; x_wconf 87' lang='lat' dir='ltr'>qni</span> <span class='ocrx_word' id='word_1_48' title='bbox 166 628 232 665; x_wconf 88' lang='lat' dir='ltr'>usum</span> <span class='ocrx_word' id='word_1_49' title='bbox 249 614 316 666; x_wconf 84' lang='lat' dir='ltr'>liberi</span> <span class='ocrx_word' id='word_1_50' title='bbox 337 613 425 666; x_wconf 82' lang='lat' dir='ltr'>arbitrii</span> <span class='ocrx_word' id='word_1_51' title='bbox 440 615 585 679; x_wconf 84' lang='lat' dir='ltr'>habuerunt,</span> <span class='ocrx_word' id='word_1_52' title='bbox 606 614 650 666; x_wconf 85' lang='lat' dir='ltr'>luit</span> <span class='ocrx_word' id='word_1_53' title='bbox 670 612 773 679; x_wconf 83' lang='lat' dir='ltr'>aptitudo</span> <span class='ocrx_word' id='word_1_54' title='bbox 795 615 824 664; x_wconf 88' lang='lat' dir='ltr'>ad</span> 
     </span>
     <span class='ocr_line' id='line_1_8' title="bbox 27 685 823 751; baseline 0.004 -18"><span class='ocrx_word' id='word_1_55' title='bbox 27 685 88 735; x_wconf 83' lang='lat' dir='ltr'>ritum</span> <span class='ocrx_word' id='word_1_56' title='bbox 100 690 212 738; x_wconf 80' lang='lat' dir='ltr'>aeternam</span> <span class='ocrx_word' id='word_1_57' title='bbox 222 687 415 751; x_wconf 75' lang='lat' dir='ltr'>consequendam,</span> <span class='ocrx_word' id='word_1_58' title='bbox 429 699 475 736; x_wconf 93' lang='lat' dir='ltr'>uon</span> <span class='ocrx_word' id='word_1_59' title='bbox 485 689 561 736; x_wconf 86' lang='lat' dir='ltr'>auteur</span> <span class='ocrx_word' id='word_1_60' title='bbox 572 687 596 737; x_wconf 91' lang='lat' dir='ltr'>irl</span> <span class='ocrx_word' id='word_1_61' title='bbox 605 685 692 750; x_wconf 79' lang='lat' dir='ltr'>pueris,</span> <span class='ocrx_word' id='word_1_62' title='bbox 702 689 728 736; x_wconf 92' lang='lat' dir='ltr'>ut</span> <span class='ocrx_word' id='word_1_63' title='bbox 736 685 823 736; x_wconf 86' lang='lat' dir='ltr'>dictum</span> 
     </span>
     <span class='ocr_line' id='line_1_9' title="bbox 28 757 619 824; baseline 0.002 -17"><span class='ocrx_word' id='word_1_64' title='bbox 28 762 72 820; x_wconf 86' lang='lat' dir='ltr'>est;</span> <span class='ocrx_word' id='word_1_65' title='bbox 87 763 111 810; x_wconf 91' lang='lat' dir='ltr'>et</span> <span class='ocrx_word' id='word_1_66' title='bbox 125 759 180 810; x_wconf 91' lang='lat' dir='ltr'>ideo</span> <span class='ocrx_word' id='word_1_67' title='bbox 194 772 240 810; x_wconf 93' lang='lat' dir='ltr'>non</span> <span class='ocrx_word' id='word_1_68' title='bbox 253 759 381 810; x_wconf 86' lang='lat' dir='ltr'>estsimilis</span> <span class='ocrx_word' id='word_1_69' title='bbox 392 757 452 810; x_wconf 87' lang='lat' dir='ltr'>ratic</span> <span class='ocrx_word' id='word_1_70' title='bbox 465 759 494 810; x_wconf 88' lang='lat' dir='ltr'>de</span> <span class='ocrx_word' id='word_1_71' title='bbox 507 759 619 824; x_wconf 85' lang='lat' dir='ltr'>utrisque.</span> 
     </span>
    </p>

    <p class='ocr_par' dir='ltr' id='par_1_4' title="bbox 26 830 822 1398">
     <span class='ocr_line' id='line_1_10' title="bbox 52 830 822 895; baseline 0.003 -15"><span class='ocrx_word' id='word_1_72' title='bbox 52 832 82 882; x_wconf 89' lang='lat' dir='ltr'>lld</span> <span class='ocrx_word' id='word_1_73' title='bbox 97 830 224 882; x_wconf 86' lang='lat' dir='ltr'>secuudum</span> <span class='ocrx_word' id='word_1_74' title='bbox 239 831 372 894; x_wconf 86' lang='lat' dir='ltr'>dicendum,</span> <span class='ocrx_word' id='word_1_75' title='bbox 386 831 447 894; x_wconf 85' lang='lat' dir='ltr'>qnod</span> <span class='ocrx_word' id='word_1_76' title='bbox 459 831 564 894; x_wconf 85' lang='lat' dir='ltr'>quamvis</span> <span class='ocrx_word' id='word_1_77' title='bbox 579 830 686 882; x_wconf 88' lang='lat' dir='ltr'>voluutas</span> <span class='ocrx_word' id='word_1_78' title='bbox 697 830 730 880; x_wconf 88' lang='lat' dir='ltr'>sit</span> <span class='ocrx_word' id='word_1_79' title='bbox 742 831 822 895; x_wconf 75' lang='lat' dir='ltr'>possi-</span> 
     </span>
     <span class='ocr_line' id='line_1_11' title="bbox 28 899 821 968; baseline 0.004 -18"><span class='ocrx_word' id='word_1_80' title='bbox 28 899 96 952; x_wconf 84' lang='lat' dir='ltr'>bilium</span> <span class='ocrx_word' id='word_1_81' title='bbox 107 905 133 954; x_wconf 84' lang='lat' dir='ltr'>et</span> <span class='ocrx_word' id='word_1_82' title='bbox 142 901 364 967; x_wconf 82' lang='lat' dir='ltr'>impossibilium,ut</span> <span class='ocrx_word' id='word_1_83' title='bbox 372 901 397 952; x_wconf 91' lang='lat' dir='ltr'>in</span> <span class='ocrx_word' id='word_1_84' title='bbox 411 904 451 954; x_wconf 92' lang='lat' dir='ltr'>lll.</span> <span class='ocrx_word' id='word_1_85' title='bbox 461 903 614 954; x_wconf 82' lang='lat' dir='ltr'>Ettricorum</span> <span class='ocrx_word' id='word_1_86' title='bbox 628 902 786 968; x_wconf 83' lang='lat' dir='ltr'>dicitur(cap.</span> <span class='ocrx_word' id='word_1_87' title='bbox 798 907 821 967; x_wconf 85' lang='lat' dir='ltr'>t,</span> 
     </span>
     <span class='ocr_line' id='line_1_12' title="bbox 26 973 822 1040; baseline 0.004 -19"><span class='ocrx_word' id='word_1_88' title='bbox 26 973 66 1024; x_wconf 87' lang='lat' dir='ltr'>rire</span> <span class='ocrx_word' id='word_1_89' title='bbox 79 977 126 1038; x_wconf 78' lang='lat' dir='ltr'>t),</span> <span class='ocrx_word' id='word_1_90' title='bbox 144 979 223 1026; x_wconf 87' lang='lat' dir='ltr'>tamen</span> <span class='ocrx_word' id='word_1_91' title='bbox 241 975 347 1026; x_wconf 82' lang='lat' dir='ltr'>voluntas</span> <span class='ocrx_word' id='word_1_92' title='bbox 363 975 466 1026; x_wconf 87' lang='lat' dir='ltr'>ordinata</span> <span class='ocrx_word' id='word_1_93' title='bbox 486 978 510 1026; x_wconf 87' lang='lat' dir='ltr'>ct</span> <span class='ocrx_word' id='word_1_94' title='bbox 526 977 639 1040; x_wconf 85' lang='lat' dir='ltr'>completa</span> <span class='ocrx_word' id='word_1_95' title='bbox 657 980 756 1026; x_wconf 83' lang='lat' dir='ltr'>nonest</span> <span class='ocrx_word' id='word_1_96' title='bbox 777 975 822 1025; x_wconf 83' lang='lat' dir='ltr'>nisi</span> 
     </span>
     <span class='ocr_line' id='line_1_13' title="bbox 27 1047 822 1112; baseline 0.004 -17"><span class='ocrx_word' id='word_1_97' title='bbox 27 1057 95 1096; x_wconf 90' lang='lat' dir='ltr'>corurn</span> <span class='ocrx_word' id='word_1_98' title='bbox 112 1048 142 1098; x_wconf 88' lang='lat' dir='ltr'>ad</span> <span class='ocrx_word' id='word_1_99' title='bbox 157 1061 209 1110; x_wconf 73' lang='lat' dir='ltr'>queo</span> <span class='ocrx_word' id='word_1_100' title='bbox 227 1047 278 1112; x_wconf 89' lang='lat' dir='ltr'>quis</span> <span class='ocrx_word' id='word_1_101' title='bbox 292 1048 368 1112; x_wconf 79' lang='lat' dir='ltr'>aliquo</span> <span class='ocrx_word' id='word_1_102' title='bbox 386 1049 452 1098; x_wconf 89' lang='lat' dir='ltr'>modo</span> <span class='ocrx_word' id='word_1_103' title='bbox 466 1047 583 1102; x_wconf 82' lang='lat' dir='ltr'>ordinatus</span> <span class='ocrx_word' id='word_1_104' title='bbox 594 1051 642 1112; x_wconf 80' lang='lat' dir='ltr'>est3</span> <span class='ocrx_word' id='word_1_105' title='bbox 657 1051 680 1098; x_wconf 89' lang='lat' dir='ltr'>et</span> <span class='ocrx_word' id='word_1_106' title='bbox 694 1047 714 1096; x_wconf 87' lang='lat' dir='ltr'>si</span> <span class='ocrx_word' id='word_1_107' title='bbox 724 1048 767 1097; x_wconf 89' lang='lat' dir='ltr'>lran</span> <span class='ocrx_word' id='word_1_108' title='bbox 777 1061 822 1098; x_wconf 87' lang='lat' dir='ltr'>ro-</span> 
     </span>
     <span class='ocr_line' id='line_1_14' title="bbox 26 1117 821 1184; baseline 0.003 -18"><span class='ocrx_word' id='word_1_109' title='bbox 26 1117 104 1170; x_wconf 84' lang='lat' dir='ltr'>luutate</span> <span class='ocrx_word' id='word_1_110' title='bbox 118 1118 361 1184; x_wconf 60' lang='lat' dir='ltr'>lancinationes,</span> <span class='ocrx_word' id='word_1_111' title='bbox 377 1119 527 1182; x_wconf 76' lang='lat' dir='ltr'>doleut3n0n</span> <span class='ocrx_word' id='word_1_112' title='bbox 542 1123 619 1171; x_wconf 90' lang='lat' dir='ltr'>autern</span> <span class='ocrx_word' id='word_1_113' title='bbox 634 1120 654 1170; x_wconf 89' lang='lat' dir='ltr'>si</span> <span class='ocrx_word' id='word_1_114' title='bbox 668 1119 774 1171; x_wconf 82' lang='lat' dir='ltr'>deficiant</span> <span class='ocrx_word' id='word_1_115' title='bbox 792 1119 821 1168; x_wconf 87' lang='lat' dir='ltr'>alr</span> 
     </span>
     <span class='ocr_line' id='line_1_15' title="bbox 26 1187 822 1256; baseline 0.004 -19"><span class='ocrx_word' id='word_1_116' title='bbox 26 1187 56 1239; x_wconf 85' lang='lat' dir='ltr'>illa</span> <span class='ocrx_word' id='word_1_117' title='bbox 70 1191 190 1243; x_wconf 86' lang='lat' dir='ltr'>uoluntate</span> <span class='ocrx_word' id='word_1_118' title='bbox 204 1203 256 1254; x_wconf 76' lang='lat' dir='ltr'>quc</span> <span class='ocrx_word' id='word_1_119' title='bbox 273 1191 448 1256; x_wconf 76' lang='lat' dir='ltr'>impossibilium</span> <span class='ocrx_word' id='word_1_120' title='bbox 466 1193 518 1255; x_wconf 87' lang='lat' dir='ltr'>est,</span> <span class='ocrx_word' id='word_1_121' title='bbox 539 1205 590 1255; x_wconf 84' lang='lat' dir='ltr'>quae</span> <span class='ocrx_word' id='word_1_122' title='bbox 611 1189 689 1256; x_wconf 82' lang='lat' dir='ltr'>polide</span> <span class='ocrx_word' id='word_1_123' title='bbox 708 1191 822 1242; x_wconf 81' lang='lat' dir='ltr'>vellottos</span> 
     </span>
     <span class='ocr_line' id='line_1_16' title="bbox 26 1261 822 1327; baseline 0 -15"><span class='ocrx_word' id='word_1_124' title='bbox 26 1261 84 1322; x_wconf 78' lang='lat' dir='ltr'>quin</span> <span class='ocrx_word' id='word_1_125' title='bbox 97 1263 218 1313; x_wconf 79' lang='lat' dir='ltr'>uoluntas</span> <span class='ocrx_word' id='word_1_126' title='bbox 227 1263 295 1314; x_wconf 83' lang='lat' dir='ltr'>dehet</span> <span class='ocrx_word' id='word_1_127' title='bbox 306 1261 350 1314; x_wconf 91' lang='lat' dir='ltr'>dici</span> <span class='ocrx_word' id='word_1_128' title='bbox 366 1263 501 1314; x_wconf 88' lang='lat' dir='ltr'>:nonenim</span> <span class='ocrx_word' id='word_1_129' title='bbox 515 1261 599 1327; x_wconf 84' lang='lat' dir='ltr'>aliquis</span> <span class='ocrx_word' id='word_1_130' title='bbox 609 1263 666 1314; x_wconf 92' lang='lat' dir='ltr'>illud</span> <span class='ocrx_word' id='word_1_131' title='bbox 675 1262 723 1312; x_wconf 89' lang='lat' dir='ltr'>vult</span> <span class='ocrx_word' id='word_1_132' title='bbox 732 1261 822 1327; x_wconf 86' lang='lat' dir='ltr'>simpli-</span> 
     </span>
     <span class='ocr_line' id='line_1_17' title="bbox 26 1332 464 1398; baseline 0.016 -19"><span class='ocrx_word' id='word_1_133' title='bbox 26 1332 88 1398; x_wconf 89' lang='lat' dir='ltr'>citer;</span> <span class='ocrx_word' id='word_1_134' title='bbox 102 1335 145 1385; x_wconf 88' lang='lat' dir='ltr'>scd</span> <span class='ocrx_word' id='word_1_135' title='bbox 155 1333 234 1395; x_wconf 88' lang='lat' dir='ltr'>vellet,</span> <span class='ocrx_word' id='word_1_136' title='bbox 246 1333 384 1398; x_wconf 85' lang='lat' dir='ltr'>sipossilrile</span> <span class='ocrx_word' id='word_1_137' title='bbox 398 1335 464 1386; x_wconf 86' lang='lat' dir='ltr'>foret.</span> 
     </span>
    </p>

    <p class='ocr_par' dir='ltr' id='par_1_5' title="bbox 26 1403 898 1758">
     <span class='ocr_line' id='line_1_18' title="bbox 50 1403 898 1472; baseline 0.002 -18"><span class='ocrx_word' id='word_1_138' title='bbox 50 1405 82 1456; x_wconf 83' lang='lat' dir='ltr'>ld</span> <span class='ocrx_word' id='word_1_139' title='bbox 94 1406 192 1458; x_wconf 88' lang='lat' dir='ltr'>tertiurn</span> <span class='ocrx_word' id='word_1_140' title='bbox 206 1405 342 1471; x_wconf 88' lang='lat' dir='ltr'>dicendum,</span> <span class='ocrx_word' id='word_1_141' title='bbox 357 1403 417 1471; x_wconf 84' lang='lat' dir='ltr'>qudd</span> <span class='ocrx_word' id='word_1_142' title='bbox 430 1407 458 1457; x_wconf 83' lang='lat' dir='ltr'>acl</span> <span class='ocrx_word' id='word_1_143' title='bbox 471 1405 601 1458; x_wconf 86' lang='lat' dir='ltr'>habendum</span> <span class='ocrx_word' id='word_1_144' title='bbox 614 1403 731 1472; x_wconf 85' lang='lat' dir='ltr'>proprium</span> <span class='ocrx_word' id='word_1_145' title='bbox 744 1406 820 1470; x_wconf 84' lang='lat' dir='ltr'>patri·</span> <span class='ocrx_word' id='word_1_146' title='bbox 891 1445 898 1470; x_wconf 84' lang='lat'>,</span> 
     </span>
     <span class='ocr_line' id='line_1_19' title="bbox 26 1475 821 1544; baseline 0.005 -19"><span class='ocrx_word' id='word_1_147' title='bbox 26 1477 118 1528; x_wconf 89' lang='lat' dir='ltr'>uoniuru</span> <span class='ocrx_word' id='word_1_148' title='bbox 132 1479 173 1530; x_wconf 80' lang='lat' dir='ltr'>rel</span> <span class='ocrx_word' id='word_1_149' title='bbox 191 1479 292 1530; x_wconf 80' lang='lat' dir='ltr'>membra</span> <span class='ocrx_word' id='word_1_150' title='bbox 309 1480 411 1544; x_wconf 75' lang='lat' dir='ltr'>wrporis</span> <span class='ocrx_word' id='word_1_151' title='bbox 427 1479 464 1530; x_wconf 84' lang='lat' dir='ltr'>sni</span> <span class='ocrx_word' id='word_1_152' title='bbox 484 1476 579 1542; x_wconf 82' lang='lat' dir='ltr'>quilibet</span> <span class='ocrx_word' id='word_1_153' title='bbox 596 1482 630 1530; x_wconf 89' lang='lat' dir='ltr'>est</span> <span class='ocrx_word' id='word_1_154' title='bbox 647 1475 778 1541; x_wconf 81' lang='lat' dir='ltr'>ordinetus3</span> <span class='ocrx_word' id='word_1_155' title='bbox 797 1482 821 1529; x_wconf 88' lang='lat' dir='ltr'>et</span> 
     </span>
     <span class='ocr_line' id='line_1_20' title="bbox 26 1547 821 1616; baseline 0.006 -21"><span class='ocrx_word' id='word_1_156' title='bbox 26 1547 70 1599; x_wconf 90' lang='lat' dir='ltr'>ideo</span> <span class='ocrx_word' id='word_1_157' title='bbox 87 1563 134 1602; x_wconf 91' lang='lat' dir='ltr'>non</span> <span class='ocrx_word' id='word_1_158' title='bbox 156 1554 193 1601; x_wconf 87' lang='lat' dir='ltr'>est</span> <span class='ocrx_word' id='word_1_159' title='bbox 211 1549 305 1613; x_wconf 88' lang='lat' dir='ltr'>mirum,</span> <span class='ocrx_word' id='word_1_160' title='bbox 319 1551 340 1600; x_wconf 88' lang='lat' dir='ltr'>si</span> <span class='ocrx_word' id='word_1_161' title='bbox 356 1551 417 1602; x_wconf 91' lang='lat' dir='ltr'>dolet</span> <span class='ocrx_word' id='word_1_162' title='bbox 436 1551 519 1616; x_wconf 84' lang='lat' dir='ltr'>aliquis</span> <span class='ocrx_word' id='word_1_163' title='bbox 537 1551 565 1600; x_wconf 88' lang='lat' dir='ltr'>de</span> <span class='ocrx_word' id='word_1_164' title='bbox 583 1563 662 1602; x_wconf 89' lang='lat' dir='ltr'>eorum</span> <span class='ocrx_word' id='word_1_165' title='bbox 676 1549 821 1612; x_wconf 86' lang='lat' dir='ltr'>amissione,</span> 
     </span>
     <span class='ocr_line' id='line_1_21' title="bbox 26 1620 823 1688; baseline 0.006 -21"><span class='ocrx_word' id='word_1_166' title='bbox 26 1620 66 1674; x_wconf 90' lang='lat' dir='ltr'>sire</span> <span class='ocrx_word' id='word_1_167' title='bbox 78 1635 120 1688; x_wconf 86' lang='lat' dir='ltr'>pro</span> <span class='ocrx_word' id='word_1_168' title='bbox 132 1622 202 1686; x_wconf 81' lang='lat' dir='ltr'>culpa</span> <span class='ocrx_word' id='word_1_169' title='bbox 210 1635 268 1686; x_wconf 85' lang='lat' dir='ltr'>sua,</span> <span class='ocrx_word' id='word_1_170' title='bbox 285 1623 332 1674; x_wconf 82' lang='lat' dir='ltr'>nire</span> <span class='ocrx_word' id='word_1_171' title='bbox 343 1637 384 1688; x_wconf 85' lang='lat' dir='ltr'>pro</span> <span class='ocrx_word' id='word_1_172' title='bbox 403 1621 492 1688; x_wconf 88' lang='lat' dir='ltr'>aliena,</span> <span class='ocrx_word' id='word_1_173' title='bbox 508 1623 542 1674; x_wconf 89' lang='lat' dir='ltr'>cis</span> <span class='ocrx_word' id='word_1_174' title='bbox 555 1623 667 1688; x_wconf 80' lang='lat' dir='ltr'>privetur.</span> <span class='ocrx_word' id='word_1_175' title='bbox 679 1621 745 1673; x_wconf 83' lang='lat' dir='ltr'><strong>Unde</strong></span> <span class='ocrx_word' id='word_1_176' title='bbox 757 1624 823 1688; x_wconf 81' lang='lat' dir='ltr'>patet</span> 
     </span>
     <span class='ocr_line' id='line_1_22' title="bbox 26 1693 470 1758; baseline 0.007 -16"><span class='ocrx_word' id='word_1_177' title='bbox 26 1695 78 1754; x_wconf 83' lang='lat' dir='ltr'>quod</span> <span class='ocrx_word' id='word_1_178' title='bbox 96 1694 158 1746; x_wconf 84' lang='lat' dir='ltr'>ratio</span> <span class='ocrx_word' id='word_1_179' title='bbox 173 1707 219 1745; x_wconf 91' lang='lat' dir='ltr'>non</span> <span class='ocrx_word' id='word_1_180' title='bbox 232 1693 334 1758; x_wconf 74' lang='lat' dir='ltr'>procedit</span> <span class='ocrx_word' id='word_1_181' title='bbox 349 1707 378 1745; x_wconf 83' lang='lat' dir='ltr'>ex</span> <span class='ocrx_word' id='word_1_182' title='bbox 391 1694 470 1746; x_wconf 86' lang='lat' dir='ltr'>sinrili.</span> 
     </span>
    </p>

    <p class='ocr_par' dir='ltr' id='par_1_6' title="bbox 27 1763 852 2052">
     <span class='ocr_line' id='line_1_23' title="bbox 52 1763 822 1831; baseline 0.005 -17"><span class='ocrx_word' id='word_1_183' title='bbox 52 1765 84 1816; x_wconf 86' lang='lat' dir='ltr'>ld</span> <span class='ocrx_word' id='word_1_184' title='bbox 98 1765 352 1830; x_wconf 61' lang='lat' dir='ltr'>queamdmodum,</span> <span class='ocrx_word' id='word_1_185' title='bbox 368 1765 430 1830; x_wconf 85' lang='lat' dir='ltr'>qudd</span> <span class='ocrx_word' id='word_1_186' title='bbox 443 1767 527 1819; x_wconf 87' lang='lat' dir='ltr'>donum</span> <span class='ocrx_word' id='word_1_187' title='bbox 542 1763 629 1816; x_wconf 82' lang='lat' dir='ltr'>Christi</span> <span class='ocrx_word' id='word_1_188' title='bbox 639 1763 730 1817; x_wconf 81' lang='lat' dir='ltr'>excedit</span> <span class='ocrx_word' id='word_1_189' title='bbox 742 1778 822 1831; x_wconf 86' lang='lat' dir='ltr'>pecca·</span> 
     </span>
     <span class='ocr_line' id='line_1_24' title="bbox 27 1835 823 1906; baseline 0.008 -21"><span class='ocrx_word' id='word_1_190' title='bbox 27 1837 67 1886; x_wconf 86' lang='lat' dir='ltr'>tun</span> <span class='ocrx_word' id='word_1_191' title='bbox 78 1839 152 1903; x_wconf 82' lang='lat' dir='ltr'>Adae,</span> <span class='ocrx_word' id='word_1_192' title='bbox 168 1841 194 1888; x_wconf 92' lang='lat' dir='ltr'>ut</span> <span class='ocrx_word' id='word_1_193' title='bbox 209 1835 244 1888; x_wconf 78' lang='lat' dir='ltr'>ac</span> <span class='ocrx_word' id='word_1_194' title='bbox 257 1839 335 1896; x_wconf 72' lang='lat' dir='ltr'>Rom„</span> <span class='ocrx_word' id='word_1_195' title='bbox 347 1839 380 1904; x_wconf 86' lang='lat' dir='ltr'>V,</span> <span class='ocrx_word' id='word_1_196' title='bbox 394 1838 476 1890; x_wconf 89' lang='lat' dir='ltr'>dicitur</span> <span class='ocrx_word' id='word_1_197' title='bbox 491 1855 498 1889; x_wconf 72' lang='grc' dir='ltr'>ε</span> <span class='ocrx_word' id='word_1_198' title='bbox 515 1837 576 1889; x_wconf 82' lang='lat' dir='ltr'>undo</span> <span class='ocrx_word' id='word_1_199' title='bbox 591 1848 638 1890; x_wconf 88' lang='lat' dir='ltr'>non</span> <span class='ocrx_word' id='word_1_200' title='bbox 653 1841 744 1906; x_wconf 85' lang='lat' dir='ltr'>oportet</span> <span class='ocrx_word' id='word_1_201' title='bbox 762 1839 823 1904; x_wconf 83' lang='lat' dir='ltr'>quod</span> 
     </span>
     <span class='ocr_line' id='line_1_25' title="bbox 28 1909 823 1977; baseline 0.004 -18"><span class='ocrx_word' id='word_1_202' title='bbox 28 1909 86 1970; x_wconf 81' lang='lat' dir='ltr'>pueri</span> <span class='ocrx_word' id='word_1_203' title='bbox 97 1922 147 1963; x_wconf 92' lang='lat' dir='ltr'>non</span> <span class='ocrx_word' id='word_1_204' title='bbox 159 1909 270 1976; x_wconf 80' lang='lat' dir='ltr'>baptizati</span> <span class='ocrx_word' id='word_1_205' title='bbox 281 1914 372 1962; x_wconf 89' lang='lat' dir='ltr'>tantum</span> <span class='ocrx_word' id='word_1_206' title='bbox 385 1909 485 1964; x_wconf 80' lang='lat' dir='ltr'>habeant</span> <span class='ocrx_word' id='word_1_207' title='bbox 500 1909 528 1962; x_wconf 90' lang='lat' dir='ltr'>de</span> <span class='ocrx_word' id='word_1_208' title='bbox 547 1909 623 1975; x_wconf 88' lang='lat' dir='ltr'>malo,</span> <span class='ocrx_word' id='word_1_209' title='bbox 641 1913 751 1976; x_wconf 84' lang='lat' dir='ltr'>quantum</span> <span class='ocrx_word' id='word_1_210' title='bbox 765 1911 823 1977; x_wconf 84' lang='lat' dir='ltr'>lap·</span> 
     </span>
     <span class='ocr_line' id='line_1_26' title="bbox 29 1979 852 2052; baseline 0.011 -25"><span class='ocrx_word' id='word_1_211' title='bbox 29 1979 84 2032; x_wconf 87' lang='lat' dir='ltr'>tizati</span> <span class='ocrx_word' id='word_1_212' title='bbox 92 1984 182 2052; x_wconf 67' lang='lat' dir='ltr'>honen</span> <span class='ocrx_word' id='word_1_213' title='bbox 194 1983 222 2034; x_wconf 88' lang='lat' dir='ltr'>de</span> <span class='ocrx_word' id='word_1_214' title='bbox 238 1981 307 2036; x_wconf 88' lang='lat' dir='ltr'>bono.</span> <span class='ocrx_word' id='word_1_215' title='bbox 849 2041 852 2049; x_wconf 59' lang='grc'><strong>,</strong></span> 
     </span>
    </p>

    <p class='ocr_par' dir='ltr' id='par_1_7' title="bbox 30 2053 824 2335">
     <span class='ocr_line' id='line_1_27' title="bbox 55 2053 824 2120; baseline 0 -15"><span class='ocrx_word' id='word_1_216' title='bbox 55 2055 86 2105; x_wconf 86' lang='lat' dir='ltr'>ld</span> <span class='ocrx_word' id='word_1_217' title='bbox 99 2055 207 2120; x_wconf 85' lang='lat' dir='ltr'>quintum</span> <span class='ocrx_word' id='word_1_218' title='bbox 221 2054 355 2118; x_wconf 86' lang='lat' dir='ltr'>dicendum,</span> <span class='ocrx_word' id='word_1_219' title='bbox 370 2055 430 2120; x_wconf 88' lang='lat' dir='ltr'>qaod</span> <span class='ocrx_word' id='word_1_220' title='bbox 448 2053 552 2120; x_wconf 80' lang='lat' dir='ltr'>quamuis</span> <span class='ocrx_word' id='word_1_221' title='bbox 571 2055 696 2118; x_wconf 83' lang='lat' dir='ltr'>puerinon</span> <span class='ocrx_word' id='word_1_222' title='bbox 713 2054 824 2120; x_wconf 78' lang='lat' dir='ltr'>baptizati</span> 
     </span>
     <span class='ocr_line' id='line_1_28' title="bbox 30 2124 824 2193; baseline 0.004 -18"><span class='ocrx_word' id='word_1_223' title='bbox 30 2124 69 2177; x_wconf 84' lang='lat' dir='ltr'>siut</span> <span class='ocrx_word' id='word_1_224' title='bbox 79 2127 183 2193; x_wconf 60' lang='lat' dir='ltr'>nenati</span> <span class='ocrx_word' id='word_1_225' title='bbox 195 2127 209 2178; x_wconf 83' lang='lat' dir='ltr'>d</span> <span class='ocrx_word' id='word_1_226' title='bbox 220 2129 267 2180; x_wconf 82' lang='lat' dir='ltr'>lieo</span> <span class='ocrx_word' id='word_1_227' title='bbox 281 2132 390 2192; x_wconf 79' lang='lat' dir='ltr'>quantum</span> <span class='ocrx_word' id='word_1_228' title='bbox 404 2129 433 2178; x_wconf 85' lang='lat' dir='ltr'>erl</span> <span class='ocrx_word' id='word_1_229' title='bbox 445 2128 506 2178; x_wconf 85' lang='lat' dir='ltr'>illan</span> <span class='ocrx_word' id='word_1_230' title='bbox 516 2126 715 2192; x_wconf 86' lang='lat' dir='ltr'>conjunctionem,</span> <span class='ocrx_word' id='word_1_231' title='bbox 726 2141 777 2192; x_wconf 79' lang='lat' dir='ltr'>que</span> <span class='ocrx_word' id='word_1_232' title='bbox 788 2132 824 2178; x_wconf 84' lang='lat' dir='ltr'>est</span> 
     </span>
     <span class='ocr_line' id='line_1_29' title="bbox 31 2197 824 2264; baseline 0 -16"><span class='ocrx_word' id='word_1_233' title='bbox 31 2210 64 2260; x_wconf 83' lang='lat' dir='ltr'>uer</span> <span class='ocrx_word' id='word_1_234' title='bbox 76 2199 186 2264; x_wconf 76' lang='lat' dir='ltr'>gloriam,</span> <span class='ocrx_word' id='word_1_235' title='bbox 201 2203 338 2251; x_wconf 87' lang='lat' dir='ltr'>nontamen</span> <span class='ocrx_word' id='word_1_236' title='bbox 352 2200 380 2251; x_wconf 85' lang='lat' dir='ltr'>ab</span> <span class='ocrx_word' id='word_1_237' title='bbox 397 2212 424 2251; x_wconf 93' lang='lat' dir='ltr'>co</span> <span class='ocrx_word' id='word_1_238' title='bbox 438 2199 532 2264; x_wconf 85' lang='lat' dir='ltr'>penitus</span> <span class='ocrx_word' id='word_1_239' title='bbox 545 2203 599 2250; x_wconf 90' lang='lat' dir='ltr'>sunt</span> <span class='ocrx_word' id='word_1_240' title='bbox 616 2197 728 2264; x_wconf 81' lang='lat' dir='ltr'>separati3</span> <span class='ocrx_word' id='word_1_241' title='bbox 741 2197 787 2248; x_wconf 86' lang='lat' dir='ltr'>irnd</span> <span class='ocrx_word' id='word_1_242' title='bbox 801 2199 824 2249; x_wconf 90' lang='lat' dir='ltr'>ei</span> 
     </span>
     <span class='ocr_line' id='line_1_30' title="bbox 32 2267 824 2335; baseline -0.004 -14"><span class='ocrx_word' id='word_1_243' title='bbox 32 2272 195 2335; x_wconf 69' lang='lat' dir='ltr'>sejunguntur</span> <span class='ocrx_word' id='word_1_244' title='bbox 206 2283 249 2334; x_wconf 82' lang='lat' dir='ltr'>per</span> <span class='ocrx_word' id='word_1_245' title='bbox 260 2270 458 2335; x_wconf 82' lang='lat' dir='ltr'>participationem</span> <span class='ocrx_word' id='word_1_246' title='bbox 470 2267 608 2321; x_wconf 78' lang='lat' dir='ltr'>naturalium</span> <span class='ocrx_word' id='word_1_247' title='bbox 621 2271 749 2333; x_wconf 86' lang='lat' dir='ltr'>honorum,</span> <span class='ocrx_word' id='word_1_248' title='bbox 759 2269 824 2319; x_wconf 87' lang='lat' dir='ltr'>etita</span> 
     </span>
    </p>
   </div>
   <div class='ocr_carea' id='block_1_3' title="bbox 31 2339 904 2407">
    <p class='ocr_par' dir='ltr' id='par_1_8' title="bbox 31 2339 904 2407">
     <span class='ocr_line' id='line_1_31' title="bbox 31 2339 904 2407; baseline 0.002 -18"><span class='ocrx_word' id='word_1_249' title='bbox 31 2341 92 2392; x_wconf 89' lang='lat' dir='ltr'>etiam</span> <span class='ocrx_word' id='word_1_250' title='bbox 106 2345 135 2394; x_wconf 89' lang='lat' dir='ltr'>de</span> <span class='ocrx_word' id='word_1_251' title='bbox 154 2341 207 2406; x_wconf 78' lang='lat' dir='ltr'>ipsu&gt;</span> <span class='ocrx_word' id='word_1_252' title='bbox 221 2343 318 2404; x_wconf 82' lang='lat' dir='ltr'>gaudere</span> <span class='ocrx_word' id='word_1_253' title='bbox 330 2344 438 2407; x_wconf 86' lang='lat' dir='ltr'>poterunt</span> <span class='ocrx_word' id='word_1_254' title='bbox 450 2341 549 2392; x_wconf 88' lang='lat' dir='ltr'>naturali</span> <span class='ocrx_word' id='word_1_255' title='bbox 570 2339 699 2404; x_wconf 78' lang='lat' dir='ltr'>cognitione</span> <span class='ocrx_word' id='word_1_256' title='bbox 713 2343 736 2390; x_wconf 88' lang='lat' dir='ltr'>et</span> <span class='ocrx_word' id='word_1_257' title='bbox 751 2340 825 2391; x_wconf 89' lang='lat' dir='ltr'>dilec-</span> <span class='ocrx_word' id='word_1_258' title='bbox 903 2371 904 2376; x_wconf 22' lang='grc' dir='ltr'><strong><em>κ</em></strong></span> 
     </span>
    </p>
   </div>
   <div class='ocr_carea' id='block_1_4' title="bbox 32 2410 830 2982">
    <p class='ocr_par' dir='ltr' id='par_1_9' title="bbox 32 2410 830 2982">
     <span class='ocr_line' id='line_1_32' title="bbox 32 2410 825 2478; baseline 0.004 -18"><span class='ocrx_word' id='word_1_259' title='bbox 32 2411 96 2465; x_wconf 85' lang='lat' dir='ltr'>tione.</span> <span class='ocrx_word' id='word_1_260' title='bbox 113 2415 167 2465; x_wconf 90' lang='lat' dir='ltr'>Non</span> <span class='ocrx_word' id='word_1_261' title='bbox 178 2418 255 2465; x_wconf 86' lang='lat' dir='ltr'>tamen</span> <span class='ocrx_word' id='word_1_262' title='bbox 268 2427 295 2466; x_wconf 90' lang='lat' dir='ltr'>eo</span> <span class='ocrx_word' id='word_1_263' title='bbox 305 2414 373 2464; x_wconf 87' lang='lat' dir='ltr'>modo</span> <span class='ocrx_word' id='word_1_264' title='bbox 384 2412 515 2478; x_wconf 79' lang='lat' dir='ltr'>gaudebunt</span> <span class='ocrx_word' id='word_1_265' title='bbox 526 2423 698 2478; x_wconf 74' lang='lat' dir='ltr'>cooperuerant</span> <span class='ocrx_word' id='word_1_266' title='bbox 710 2410 825 2476; x_wconf 76' lang='lat' dir='ltr'>inlellige-</span> 
     </span>
     <span class='ocr_line' id='line_1_33' title="bbox 33 2483 825 2550; baseline 0 -16"><span class='ocrx_word' id='word_1_267' title='bbox 33 2483 80 2536; x_wconf 85' lang='lat' dir='ltr'>bant</span> <span class='ocrx_word' id='word_1_268' title='bbox 92 2485 212 2550; x_wconf 74' lang='lat' dir='ltr'>pelagiani</span> <span class='ocrx_word' id='word_1_269' title='bbox 219 2523 228 2550; x_wconf 88' lang='lat'>,</span> <span class='ocrx_word' id='word_1_270' title='bbox 241 2485 311 2536; x_wconf 82' lang='lat' dir='ltr'>vitam</span> <span class='ocrx_word' id='word_1_271' title='bbox 324 2485 370 2536; x_wconf 91' lang='lat' dir='ltr'>illis</span> <span class='ocrx_word' id='word_1_272' title='bbox 384 2486 474 2538; x_wconf 85' lang='lat' dir='ltr'>beatam</span> <span class='ocrx_word' id='word_1_273' title='bbox 493 2483 649 2550; x_wconf 78' lang='lat' dir='ltr'>assignantes,</span> <span class='ocrx_word' id='word_1_274' title='bbox 662 2483 716 2548; x_wconf 88' lang='lat' dir='ltr'>qnia</span> <span class='ocrx_word' id='word_1_275' title='bbox 736 2483 825 2534; x_wconf 87' lang='lat' dir='ltr'>nullum</span> 
     </span>
     <span class='ocr_line' id='line_1_34' title="bbox 33 2555 826 2620; baseline 0.004 -17"><span class='ocrx_word' id='word_1_276' title='bbox 33 2555 52 2605; x_wconf 93' lang='lat' dir='ltr'>iu</span> <span class='ocrx_word' id='word_1_277' title='bbox 67 2558 99 2609; x_wconf 88' lang='lat' dir='ltr'>eis</span> <span class='ocrx_word' id='word_1_278' title='bbox 115 2558 277 2610; x_wconf 85' lang='lat' dir='ltr'>detrimentum</span> <span class='ocrx_word' id='word_1_279' title='bbox 289 2561 376 2608; x_wconf 78' lang='lat' dir='ltr'>nature</span> <span class='ocrx_word' id='word_1_280' title='bbox 391 2569 434 2608; x_wconf 87' lang='lat' dir='ltr'>nec</span> <span class='ocrx_word' id='word_1_281' title='bbox 447 2560 567 2620; x_wconf 84' lang='lat' dir='ltr'>peccaturo</span> <span class='ocrx_word' id='word_1_282' title='bbox 587 2555 697 2620; x_wconf 77' lang='lat' dir='ltr'>originale</span> <span class='ocrx_word' id='word_1_283' title='bbox 716 2566 826 2618; x_wconf 80' lang='lat' dir='ltr'>agnosce-</span> 
     </span>
     <span class='ocr_line' id='line_1_35' title="bbox 34 2625 826 2696; baseline 0.001 -19"><span class='ocrx_word' id='word_1_284' title='bbox 34 2625 93 2692; x_wconf 82' lang='lat' dir='ltr'>hunt3</span> <span class='ocrx_word' id='word_1_285' title='bbox 102 2629 192 2680; x_wconf 84' lang='lat' dir='ltr'>illorum</span> <span class='ocrx_word' id='word_1_286' title='bbox 201 2627 261 2680; x_wconf 89' lang='lat' dir='ltr'>euim</span> <span class='ocrx_word' id='word_1_287' title='bbox 271 2632 406 2680; x_wconf 88' lang='lat' dir='ltr'>sensuserat</span> <span class='ocrx_word' id='word_1_288' title='bbox 417 2629 477 2692; x_wconf 85' lang='lat' dir='ltr'>quod</span> <span class='ocrx_word' id='word_1_289' title='bbox 489 2626 603 2692; x_wconf 84' lang='lat' dir='ltr'>ejusmodi</span> <span class='ocrx_word' id='word_1_290' title='bbox 615 2625 712 2696; x_wconf 78' lang='lat' dir='ltr'>paruuli,</span> <span class='ocrx_word' id='word_1_291' title='bbox 721 2628 826 2690; x_wconf 85' lang='lat' dir='ltr'>quamvis</span> 
     </span>
     <span class='ocr_line' id='line_1_36' title="bbox 33 2698 828 2766; baseline 0.003 -19"><span class='ocrx_word' id='word_1_292' title='bbox 33 2699 111 2764; x_wconf 81' lang='lat' dir='ltr'>absque</span> <span class='ocrx_word' id='word_1_293' title='bbox 123 2702 238 2766; x_wconf 80' lang='lat' dir='ltr'>baptismo</span> <span class='ocrx_word' id='word_1_294' title='bbox 251 2701 396 2764; x_wconf 86' lang='lat' dir='ltr'>decedentes,</span> <span class='ocrx_word' id='word_1_295' title='bbox 409 2701 437 2750; x_wconf 88' lang='lat' dir='ltr'>ab</span> <span class='ocrx_word' id='word_1_296' title='bbox 455 2699 517 2750; x_wconf 87' lang='lat' dir='ltr'>omui</span> <span class='ocrx_word' id='word_1_297' title='bbox 529 2713 622 2764; x_wconf 85' lang='lat' dir='ltr'>prorsus</span> <span class='ocrx_word' id='word_1_298' title='bbox 633 2710 701 2764; x_wconf 75' lang='lat' dir='ltr'>pecua</span> <span class='ocrx_word' id='word_1_299' title='bbox 713 2698 828 2750; x_wconf 85' lang='lat' dir='ltr'>immunes</span> 
     </span>
     <span class='ocr_line' id='line_1_37' title="bbox 33 2769 827 2836; baseline 0.001 -19"><span class='ocrx_word' id='word_1_300' title='bbox 33 2769 61 2820; x_wconf 86' lang='lat' dir='ltr'>ita</span> <span class='ocrx_word' id='word_1_301' title='bbox 75 2777 150 2824; x_wconf 82' lang='lat' dir='ltr'>essent</span> <span class='ocrx_word' id='word_1_302' title='bbox 163 2787 189 2824; x_wconf 88' lang='lat' dir='ltr'>ac</span> <span class='ocrx_word' id='word_1_303' title='bbox 208 2771 228 2823; x_wconf 88' lang='lat' dir='ltr'>si</span> <span class='ocrx_word' id='word_1_304' title='bbox 248 2773 348 2824; x_wconf 80' lang='lat' dir='ltr'>ludamus</span> <span class='ocrx_word' id='word_1_305' title='bbox 365 2785 411 2823; x_wconf 94' lang='lat' dir='ltr'>non</span> <span class='ocrx_word' id='word_1_306' title='bbox 430 2773 563 2836; x_wconf 65' lang='lat' dir='ltr'>pecasset,</span> <span class='ocrx_word' id='word_1_307' title='bbox 574 2769 628 2836; x_wconf 86' lang='lat' dir='ltr'>quia</span> <span class='ocrx_word' id='word_1_308' title='bbox 642 2775 760 2833; x_wconf 88' lang='lat' dir='ltr'>peecatum</span> <span class='ocrx_word' id='word_1_309' title='bbox 776 2769 827 2832; x_wconf 85' lang='lat' dir='ltr'>ejus</span> 
     </span>
     <span class='ocr_line' id='line_1_38' title="bbox 35 2841 829 2910; baseline -0.004 -19"><span class='ocrx_word' id='word_1_310' title='bbox 35 2842 87 2893; x_wconf 86' lang='lat' dir='ltr'>nihil</span> <span class='ocrx_word' id='word_1_311' title='bbox 101 2844 126 2895; x_wconf 93' lang='lat' dir='ltr'>in</span> <span class='ocrx_word' id='word_1_312' title='bbox 139 2846 214 2910; x_wconf 81' lang='lat' dir='ltr'>ipsius</span> <span class='ocrx_word' id='word_1_313' title='bbox 227 2851 330 2909; x_wconf 86' lang='lat' dir='ltr'>posteros</span> <span class='ocrx_word' id='word_1_314' title='bbox 339 2845 377 2895; x_wconf 84' lang='lat' dir='ltr'>vel</span> <span class='ocrx_word' id='word_1_315' title='bbox 385 2844 410 2894; x_wconf 90' lang='lat' dir='ltr'>in</span> <span class='ocrx_word' id='word_1_316' title='bbox 422 2845 494 2909; x_wconf 81' lang='lat' dir='ltr'>ipsein</span> <span class='ocrx_word' id='word_1_317' title='bbox 504 2847 590 2894; x_wconf 80' lang='lat' dir='ltr'>naturae</span> <span class='ocrx_word' id='word_1_318' title='bbox 601 2856 630 2892; x_wconf 83' lang='lat' dir='ltr'>err</span> <span class='ocrx_word' id='word_1_319' title='bbox 643 2841 717 2906; x_wconf 87' lang='lat' dir='ltr'>ipsius</span> <span class='ocrx_word' id='word_1_320' title='bbox 730 2851 829 2904; x_wconf 79' lang='lat' dir='ltr'>persona</span> 
     </span>
     <span class='ocr_line' id='line_1_39' title="bbox 34 2911 830 2982; baseline -0.009 -14"><span class='ocrx_word' id='word_1_321' title='bbox 34 2921 173 2982; x_wconf 70' lang='lat' dir='ltr'>podagrum</span> <span class='ocrx_word' id='word_1_322' title='bbox 189 2916 342 2982; x_wconf 86' lang='lat' dir='ltr'>corruptionis</span> <span class='ocrx_word' id='word_1_323' title='bbox 354 2916 471 2968; x_wconf 82' lang='lat' dir='ltr'>intulerat.</span> <span class='ocrx_word' id='word_1_324' title='bbox 485 2915 515 2966; x_wconf 80' lang='lat' dir='ltr'>ut</span> <span class='ocrx_word' id='word_1_325' title='bbox 528 2917 650 2980; x_wconf 81' lang='lat' dir='ltr'>propterea</span> <span class='ocrx_word' id='word_1_326' title='bbox 664 2913 710 2964; x_wconf 86' lang='lat' dir='ltr'>tale</span> <span class='ocrx_word' id='word_1_327' title='bbox 721 2911 830 2976; x_wconf 80' lang='lat' dir='ltr'>gaudium</span> 
     </span>
    </p>
   </div>
   <div class='ocr_carea' id='block_1_5' title="bbox 124 3007 737 3070">
    <p class='ocr_par' dir='ltr' id='par_1_10' title="bbox 124 3007 737 3070">
     <span class='ocr_line' id='line_1_40' title="bbox 124 3007 737 3070; baseline -0.013 0"><span class='ocrx_word' id='word_1_328' title='bbox 124 3030 180 3070; x_wconf 81' lang='lat' dir='ltr'>rrrr.</span> <span class='ocrx_word' id='word_1_329' title='bbox 494 3007 497 3020; x_wconf 88' lang='grc'><em>“</em></span> <span class='ocrx_word' id='word_1_330' title='bbox 536 3013 537 3018; x_wconf 76' lang='grc'>’</span> <span class='ocrx_word' id='word_1_331' title='bbox 706 3014 737 3062; x_wconf 82' lang='lat' dir='ltr'>lo</span> 
     </span>
    </p>
   </div>
   <div class='ocr_carea' id='block_1_6' title="bbox 0 0 978 3306">
    <p class='ocr_par' dir='ltr' id='par_1_11' title="bbox 0 0 978 3306">
     <span class='ocr_line' id='line_1_41' title="bbox 0 0 978 3306; baseline 0 0"><span class='ocrx_word' id='word_1_332' title='bbox 0 0 978 3306; x_wconf 95' lang='lat' dir='ltr'> </span> 
     </span>
    </p>
   </div>
  </div>
 </body>
</html>
