1968 3294
246 156 250 164 ·
311 149 342 184 us
357 147 456 186 uerutus
468 149 604 190 asarotos.
806 163 853 210 653

60 253 65 260 -
80 223 120 274 td
136 221 238 286 priorum
252 234 305 284 argo
319 222 436 272 uiuendum
446 260 456 286 ,
466 222 526 288 putul
540 225 604 276 dotas
617 227 723 290 quamuis
732 228 850 294 assignar-

44 299 87 346 tur
105 306 199 359 ιροηεο
212 292 238 342 ιιι
250 292 333 343 carnali
346 293 491 344 matrimonio
506 295 533 344 ad
547 309 621 354 usuri,
641 302 715 350 tamon
728 301 853 363 proprietas

45 371 73 416 et
95 363 229 416 dominium
242 361 340 426 pertinet
353 363 381 414 ad
396 375 512 426 sponsam.
529 365 593 424 Quod
613 369 676 430 putat
688 381 717 418 ax
733 369 777 421 laoo
790 370 851 434 quid

47 437 132 487 soluto
150 431 294 484 matrimonio
306 433 348 484 dos
367 437 470 484 remanet
482 447 572 498 sponsa
591 435 794 501 mordinatum,
808 439 853 503 (ut

45 508 101 569 iarn
117 503 185 569 priirs
195 501 213 565 l.
225 502 253 554 tlt
260 503 295 554 sio
305 500 374 554 otiaru
382 503 407 552 in
415 503 558 556 matrimonio
567 505 693 569 spirituali,
702 506 747 571 ipsi
757 511 852 560 ornatus

49 575 93 639 qui
115 586 210 637 sponsas
226 571 335 636 spirituali
354 573 436 623 dautur
449 575 552 636 (scilicet
573 577 681 630 Eoolosioe
701 577 725 628 iu
746 579 852 630 mumulo

50 646 105 696 suis
117 645 128 708 l
142 647 197 694 suut
209 642 297 706 qulam
308 641 381 706 ipsius
398 644 476 710 spousi
486 645 511 696 iu
524 649 634 709 quantum
651 647 679 698 ad
693 648 743 711 eJ'us
756 648 850 712 gloriam

49 720 78 767 st
90 717 205 766 honoram
218 713 311 774 colum,
326 711 367 764 sal
380 724 469 778 sponsa
485 714 509 764 iu
522 718 631 778 quartum
641 729 683 780 par
697 729 736 770 aas
748 724 847 770 ornatur.

86 785 121 836 td
136 781 261 834 secuudum
271 781 468 848 dioaudum‚qutd
481 787 544 848 putor
553 785 631 850 spousi
644 785 743 851 (sallitat
751 787 847 852 curisti)

51 859 92 908 ast
104 853 155 906 sola
169 865 263 918 persona
273 851 357 917 Patris3
366 855 431 916 pater
444 858 520 905 autom
533 867 623 920 sponsas
636 861 671 908 est
684 862 730 910 lota
739 859 847 921 Trinitas,

52 927 154 978 effertus
168 922 227 974 sulm
238 922 264 972 in
277 922 385 974 creaturis
397 922 425 974 aul
439 927 509 975 totam
520 925 652 978 Trinitatem
662 929 769 994 pertinet.
783 930 847 982 Unda

52 992 191 1060 hujusmodi
206 991 270 1044 dotes
285 990 434 1056 inspirituali
447 994 604 1056 matrimonio,
618 997 708 1061 propria
723 998 846 1064 loquendo,

53 1063 131 1128 inagis
143 1065 225 1115 alantur
238 1061 251 1112 a
262 1067 325 1126 patro
333 1075 433 1126 sponsas.
441 1065 509 1126 uuam
519 1063 606 1130 apatrs
615 1068 703 1130 spousi.
714 1069 758 1120 Set
771 1073 847 1122 umora

53 1138 109 1187 hauc
124 1132 214 1185 oollatio
223 1131 325 1194 quamvis
335 1131 363 1182 ala
377 1133 483 1184 omullus
495 1134 598 1198 personis
610 1134 665 1197 flat,
682 1137 777 1202 singulis
796 1155 848 1207 por·

54 1206 122 1258 souis
135 1207 209 1268 potest
217 1199 355 1265 appropriari
368 1215 409 1266 per
421 1202 518 1266 aliquam
528 1205 619 1256 modurn
628 1221 635 1256 a
643 1205 747 1260 Persona
755 1209 847 1271 pultem

54 1274 133 1330 Patris
141 1278 167 1326 ut
174 1272 246 1332 dauti,
255 1271 308 1337 quia
316 1271 340 1322 iu
351 1271 401 1336 ipso
414 1276 449 1324 est
458 1274 594 1339 auotoritasp
605 1277 629 1328 ai
640 1276 710 1329 aliam
721 1281 845 1343 paternitas

54 1348 166 1410 respectu
177 1345 285 1395 creatura
297 1342 466 1408 appropriatur,
476 1348 504 1396 ut
518 1345 552 1398 sio
566 1345 627 1398 idem
647 1347 677 1400 sit
690 1351 753 1412 putor
766 1355 846 1416 spousi

55 1423 81 1470 st
93 1426 193 1481 sponsa.
204 1411 260 1464 lilio
272 1411 326 1463 sert
336 1413 491 1478 appropriatur
506 1414 651 1480 inquantum
665 1421 757 1483 propter
770 1420 845 1486 ipsum

55 1493 82 1540 et
92 1499 134 1552 par
149 1485 223 1548 ipsum
240 1482 338 1548 dautur3
351 1484 391 1534 saal
404 1483 499 1548 Spiritui
510 1491 597 1550 sancto,
606 1485 630 1537 iu
642 1493 749 1551 quantum
763 1491 845 1560 inipso

55 1563 82 1610 et
97 1553 221 1608 saulum
238 1553 315 1618 ipsum
334 1551 427 1616 darton
443 1566 505 1608 atuor
525 1556 587 1610 anim
606 1562 642 1610 ost
660 1559 735 1612 omnis
747 1561 846 1618 tutionis

55 1627 125 1681 ratio.
411 1645 414 1651 ’

89 1699 123 1750 lrl
139 1693 449 1760 aestumatissimus
469 1695 558 1748 dotibus
569 1709 611 1764 par
627 1711 653 1750 sa
669 1701 776 1753 movent
787 1703 843 1758 illud

56 1770 118 1834 quod
131 1779 170 1832 por
178 1767 242 1820 lotos
255 1765 361 1826 elicitur,
375 1765 460 1818 soilioet
473 1768 579 1818 solatium
592 1770 742 1836 matrimonii;
756 1775 795 1826 ssd
804 1787 845 1840 par

57 1839 162 1892 aooidens
178 1837 232 1888 illul
246 1837 305 1900 quod
318 1848 359 1900 par
379 1847 418 1886 aas
437 1841 575 1900 removetur,
592 1839 680 1892 soilioet
696 1853 754 1895 onus
769 1847 845 1897 matri·

57 1909 138 1970 monii,
146 1908 205 1972 quod
218 1920 260 1971 per
269 1907 416 1970 saslouatur3
428 1908 487 1958 sicut
499 1909 577 1972 gratia
587 1911 695 1962 sonuerit
707 1925 747 1978 par
760 1928 795 1976 so,
810 1916 844 1968 la·

56 1993 109 2034 pers
119 1979 219 2044 justum,
237 1979 278 2029 sed
290 1989 331 2043 per
343 1977 456 2040 accidens,
467 1978 527 2043 quod
540 1981 649 2045 serapio
662 1981 729 2034 iaciat
742 1983 840 2048 justum.

57 2049 164 2111 Quamuis
177 2060 230 2111 orgo
242 2047 268 2099 iu
280 2046 423 2098 matrimonio
435 2047 548 2111 spirituali
560 2062 604 2102 rou
618 2050 665 2104 siut
675 2051 749 2115 aliqua
762 2067 840 2122 orara,
941 2044 946 2058 ’

57 2123 184 2172 esttamen
205 2118 237 2168 ibi
251 2130 338 2168 summa
355 2117 493 2181 jucunditas.
509 2119 537 2168 Et
554 2121 583 2170 aul
605 2121 664 2172 laauo
683 2122 841 2185 parfloiaudam

54 2188 217 2256 jucunditatem
235 2190 300 2240 totus
316 2201 404 2252 sponso
422 2189 585 2256 colluuntur,
600 2197 626 2244 ut
642 2192 730 2246 sallao
742 2195 841 2256 daucu-

57 2260 132 2312 uiliter
145 2272 184 2322 por
197 2270 236 2310 aas
249 2271 334 2321 sponso
352 2258 510 2321 conjungatur.

88 2331 121 2381 lu
133 2332 235 2392 quartum
248 2326 449 2392 licendum,qutd
462 2329 528 2382 dotes
542 2344 588 2383 nou
604 2339 769 2388 consueverunt
781 2335 839 2388 assi·

57 2399 121 2464 gnari
136 2410 224 2462 sponsa
246 2399 337 2462 quanto
354 2398 517 2464 desponsatur3
531 2402 571 2454 sol
595 2404 684 2466 quando
704 2404 728 2456 in
750 2407 841 2458 domum

57 2468 134 2535 sponsi
143 2466 277 2526 traducitur,
288 2472 314 2518 ut
326 2467 499 2532 prasentialitor
512 2481 620 2534 sponsum
630 2473 720 2525 habeat.
730 2473 841 2535 Quamdiu

58 2543 130 2590 autsro
146 2537 169 2588 iu
189 2537 232 2588 hao
252 2535 300 2588 ulta
323 2550 416 2598 sumus,
427 2541 621 2602 praeprinomur
638 2544 788 2604 tallomtuoo
808 2545 837 2598 11.

60 2611 125 2664 Cor„
137 2607 162 2656 l.
180 2607 207 2657 lit
219 2607 271 2658 illas
284 2607 343 2660 duna
363 2621 413 2672 qus
428 2608 514 2658 sanclis
526 2609 551 2659 in
564 2609 607 2661 hau
619 2610 666 2662 uita
684 2615 839 2678 conteruntur,

59 2692 103 2730 nou
117 2677 217 2728 dicuutur
236 2675 325 2732 dotes:
337 2677 377 2728 sed
395 2677 435 2727 illa
456 2691 508 2742 qua
528 2679 673 2731 roruisruutur
685 2683 735 2746 ais,
749 2683 839 2748 quarto

60 2747 214 2802 transferuntur
234 2745 259 2798 in
279 2744 387 2810 gloriam,
397 2745 423 2800 in
435 2759 481 2812 qut
496 2760 581 2812 sponso
596 2751 767 2814 prasenlaliter
786 2766 839 2819 pap.

62 2817 166 2869 lruuutur.
