1998 3326
231 205 266 242 on
281 204 444 244 menornnnro
461 205 519 245 vorr
535 205 563 242 nr
579 205 685 243 onnrurs.
828 198 861 246 99

7 311 8 392 1
326 417 493 487 timonio
512 417 594 484 LIII.

7 527 8 612 l
84 558 121 606 Do
132 557 308 618 impedimento
318 559 369 604 oots'
383 559 405 604 ct
417 558 531 609 ordinis,
543 560 573 604 io
586 563 692 616 quotuor·
705 541 827 606 articulos

415 629 505 674 diuiso.

85 775 176 826 ileinde
193 775 382 827 considerandum
396 777 433 828 est
445 777 473 828 de
492 777 655 842 impedimento
667 778 716 830 voti
727 783 750 829 et
761 779 859 830 ordinis.
947 786 949 789 ’

7 893 8 900 ,
84 846 157 897 Circa
172 847 234 910 quod
250 850 383 910 queruntur
400 850 517 910 quatuor:
533 853 561 898 1⁰
577 848 656 898 Uirium
672 853 750 899 votum
764 849 862 914 simplex

7 907 8 962 l
56 917 227 968 mathmonium
245 917 347 968 dirimat.
365 922 393 967 2⁰
411 918 490 968 Utrirm
510 921 590 970 notum
606 919 715 971 solemne.
738 923 764 968 ³⁰
779 919 863 971 Utrim

56 988 112 1038 ordo
131 987 300 1038 matrimonium
314 986 432 1051 impediat.
450 991 475 1037 4⁰
490 988 570 1040 iltulm
583 989 665 1056 aliquis
681 994 732 1055 post
744 990 864 1042 matrimo-

56 1059 122 1110 nium
134 1058 339 1111 sacmmordlnsm
352 1060 468 1132 suscipeie
478 1060 562 1124 possit.

362 1238 523 1288 attolendus
540 1239 559 1290 1.

62 1361 151 1407 viriam
170 1371 215 1418 per
233 1361 402 1418 obligationem
421 1363 470 1406 vota·
487 1362 602 1418 simplicis
620 1363 801 1408 matrimonium
814 1375 866 1408 coro

310 1427 414 1468 tractum
428 1425 512 1469 dirtrm'
526 1425 615 1470 debeat.
654 1429 657 1436 ’

88 1549 127 1601 Ad
135 1549 236 1613 primum
249 1548 285 1598 sio
297 1548 427 1612 proceditur
440 1549 482 1612 (1).
500 1549 596 1600 Videtur
604 1548 665 1613 quod
681 1563 722 1614 per
737 1549 867 1615 obligatio-

57 1633 115 1672 nem
133 1619 183 1670 noti
200 1618 310 1684 simplicis
328 1619 496 1670 matrimonium
515 1623 656 1670 contractum
678 1621 753 1671 dirimi
772 1621 864 1672 debeat.

58 1691 154 1742 Fortius
174 1690 234 1740 enim
259 1689 375 1740 vinculum
393 1689 498 1741 debiliori
520 1691 665 1754 praejudicat.
683 1691 729 1742 Sed
747 1691 866 1741 vinculum

60 1763 111 1812 noti
121 1764 160 1812 est
176 1760 258 1810 fortius
273 1760 340 1822 quim
356 1759 472 1810 vinculum
491 1761 647 1824 matrimonii,
663 1759 715 1823 quia
730 1762 773 1811 lroc
788 1761 813 1810 tit
824 1762 869 1812 ho-

60 1831 129 1892 mini,
142 1830 284 1881 illudentem
297 1831 353 1881 Deo.
363 1829 423 1894 Ergo
437 1829 554 1881 riocnlum
566 1830 614 1882 voti
623 1830 759 1894 prejudicat
774 1831 867 1882 vinculo

59 1900 213 1954 matrimonii.
782 1904 785 1909 '

92 1977 119 2022 2.
139 1971 269 2034 Praeterea,
285 1974 423 2036 praeceptum
438 1971 479 2021 liei
492 1974 584 2022 nonest
597 1971 672 2022 minus
685 1970 752 2035 quim
766 1984 866 2037 praerep-

60 2047 112 2096 tum
134 2041 253 2092 Ecclesia.
271 2039 315 2092 Sed
332 2045 471 2106 preceptum
487 2041 593 2092 Ecclesiae
609 2043 665 2092 adeo
685 2042 785 2106 obligat,
803 2042 867 2106 qudd

60 2114 84 2166 si
103 2116 189 2165 contra
203 2113 280 2176 ipsum
302 2111 471 2164 matrimonium
491 2113 651 2176 contrahatur,
667 2111 791 2175 dirimitur,
811 2111 870 2163 sicut
965 2166 969 2176 ,

60 2189 127 2250 patet
142 2185 170 2234 de
183 2182 227 2234 illis
242 2183 283 2248 qui
294 2185 429 2234 contradunt
442 2183 468 2233 in
484 2183 559 2248 aliquo
578 2185 649 2246 gradu
665 2182 869 2247 consanguinitatis

59 2257 92 2308 ab
111 2253 218 2306 Ecclesia
231 2253 355 2318 prohibito.
370 2255 447 2318 Ergo,
465 2253 516 2304 cim
529 2267 619 2305 seruare
631 2257 709 2306 votum
721 2253 752 2304 sit
764 2265 869 2318 praecep·

60 2331 113 2378 tum
131 2325 251 2386 divinum,
263 2324 353 2375 motor
372 2325 435 2388 quod
450 2325 470 2376 si
487 2325 539 2389 quis
557 2329 634 2376 contra
652 2329 729 2376 ratum
750 2323 872 2390 matrimo-

59 2399 129 2451 nium
146 2396 276 2458 oontralrit,
291 2409 321 2448 ex
336 2398 380 2448 lunc
394 2397 564 2448 matrimonium
578 2397 608 2447 sil
618 2395 778 2447 dirimendum.

95 2474 119 2520 3.
137 2469 267 2530 Praeterea,
280 2465 304 2516 iu
315 2467 460 2518 matrimonio
473 2470 548 2531 potest
561 2470 631 2518 homo
641 2467 675 2516 uti
691 2466 774 2517 carnali
791 2465 874 2531 copula

58 2541 113 2592 sine
127 2541 233 2604 peccato.
249 2536 295 2588 Sed
304 2537 343 2590 ille
352 2539 393 2603 qui
406 2537 462 2589 lacit
475 2542 553 2590 notum
564 2539 661 2602 simplex
672 2537 782 2589 castitatis
789 2574 798 2600 ,
812 2549 873 2588 nun·

60 2624 135 2676 qnam
151 2614 230 2676 potest
244 2609 365 2660 carnaliter
381 2607 449 2660 uxori
465 2608 606 2660 commisceri
627 2607 676 2660 siue
695 2610 798 2674 peccato.
812 2607 873 2672 ldrpo

61 2685 145 2734 sotum
154 2681 255 2746 simplex
268 2677 438 2730 matrimonium
450 2679 548 2730 dirimit.
561 2678 766 2744 Probatlo'mediae.
777 2678 875 2730 Constet

7 2797 8 2836 p
59 2753 126 2818 quod
140 2754 180 2806 illo
196 2753 239 2819 qni
252 2756 305 2817 post
320 2754 400 2802 notum
415 2751 514 2816 simplex
529 2750 691 2814 continentie,
704 2747 875 2802 matrimonium

94 2899 131 2965 (l)
145 2904 186 2950 Ex
197 2898 245 2960 Π,
258 2897 338 2952 Serri..
352 2889 408 2945 dist}
422 2895 462 2958 oo,
475 2893 517 2955 qui
531 2895 555 2958 i,
569 2901 612 2944 art.
627 2894 652 2956 d,
667 2891 805 2955 qu'oestiunc.
819 2893 844 2940 i.
