1936 3306
133 176 177 224 adt
256 177 459 227 surruauuranurt,
476 157 805 227 suasanu111,aun.xrr.
962 173 963 202 l

129 261 169 327 qui
182 260 250 312 simul
264 260 439 319 commorantur,
450 253 554 320 munais
571 267 612 319 pro
626 253 660 304 eis
673 256 766 308 candela
782 268 830 308 nou
850 270 926 310 aueen

128 337 202 386 dalur.
217 335 276 397 Ergo
297 329 350 380 oium
367 328 476 394 suffragia
489 327 536 377 sint
553 326 657 390 quadarn
677 326 807 390 spiritualia
829 329 926 393 lumina,

126 405 231 470 quamuis
244 417 286 469 pro
295 415 341 452 uno
356 399 485 465 specialiter
498 399 569 462 liant,
589 409 636 451 non
650 399 811 464 magisualent
826 402 849 451 ei
864 402 928 466 quim

125 477 177 528 aliis
186 475 336 528 existentibus
349 473 374 522 in
385 471 523 537 purgatorio.

157 553 181 598 n.
196 549 324 604 praterea,
337 543 440 594 sicul-iu
459 542 536 594 littera
558 541 641 593 dieitur
661 542 718 607 (lv.
742 543 823 604 Sena,
838 550 865 597 ut
879 547 927 610 jan

126 618 228 683 supra),
242 615 366 668 secundina
384 615 429 666 boo
440 613 653 678 suffraglanuortuis
666 615 863 678 prosuntque«
876 619 929 668 dun

126 690 247 752 uiuerent,
259 690 306 740 baeo
323 687 368 738 sibi
381 689 405 736 ut
418 689 497 749 postea
509 688 604 749 possent
619 684 745 750 prodesse,
759 694 927 740 meruerunt.»

127 762 172 814 Sed
186 760 255 825 aliqui
264 759 336 824 magis
345 760 476 810 meruerunt
487 760 512 808 ut
524 755 630 820 suffragia
642 755 686 808 sibi
698 757 850 822 prodessent,
864 761 930 824 qutun

131 831 164 882 illi
174 847 214 897 pro
225 831 307 896 paribus
316 831 381 882 fiunt.
393 831 453 894 Ergo
464 829 498 880 eis
509 827 581 892 magis
594 831 713 893 prosunt;.
722 828 777 880 aliis
790 843 871 882 eorum
885 847 931 884 rne-

128 904 195 955 ritum
210 903 363 954 frustraretur.

161 979 185 1024 a.
199 977 323 1037 Praeterea,
338 985 378 1036 pro
396 970 536 1037 pauperibus
550 983 596 1022 uon
611 971 668 1021 bunt
687 971 798 1036 suflragia
814 974 875 1024 laeta
890 989 931 1042 pro

129 1045 244 1097 diuitibus.
256 1046 281 1096 Si
292 1059 345 1110 ergo
361 1045 468 1108 suffragia
482 1045 543 1096 laeta
557 1058 599 1108 pro
611 1043 735 1108 aliquibus,
750 1045 784 1096 eis
793 1045 880 1108 solium,
893 1049 931 1099 uel

129 1118 202 1182 magis
212 1117 280 1181 quana
293 1118 359 1179 aliis,
369 1117 485 1177 valerent,
499 1129 612 1180 pauperes
625 1119 702 1166 essent
715 1116 803 1180 pejoris
816 1119 931 1171 conditio-

130 1189 166 1240 nis
175 1208 182 1254 ;
191 1191 252 1254 quod
264 1194 299 1241 est
308 1193 386 1241 contra
396 1187 531 1239 seutentiam
539 1188 628 1238 bomini
636 1226 643 1248 ,
651 1189 722 1247 nuc,
731 1189 772 1252 Vl,
785 1193 832 1242 all:
845 1209 858 1240 u
868 1193 932 1246 Beati

128 1272 249 1327 pauperes,
267 1261 320 1325 quia
328 1264 430 1312 uestrum
443 1261 480 1310 est
490 1273 585 1323 regnum
600 1259 675 1310 lleiu

159 1334 202 1384 Sed
216 1336 295 1384 eontra
309 1348 316 1382 ε
330 1331 419 1397 justitia
431 1333 530 1382 bumana
552 1331 718 1395 exemplatpri
733 1331 826 1396 justitia
843 1334 928 1387 divina.

101 1464 104 1469 .
128 1407 172 1458 Sed
184 1404 274 1470 justitia
284 1405 398 1464 bumana,
410 1403 430 1453 si
439 1402 521 1464 aliquis
532 1403 634 1453 debiturn
644 1416 686 1467 pro
695 1405 771 1468 aliquo
783 1405 863 1469 solvit,
875 1421 930 1458 eura

123 1478 201 1530 ‚sullana
213 1477 318 1528 absoluit.
327 1477 386 1538 largo
400 1472 451 1526 eiam
460 1473 498 1525 ille
508 1475 547 1539 qni
560 1473 667 1536 sullragia
678 1475 749 1537 lacit,
764 1475 930 1540 qarodaanmodo

129 1551 202 1602 soluat
214 1548 314 1600 debitum
326 1549 377 1609 eius
390 1560 432 1612 pro
443 1559 488 1610 ouo
501 1545 571 1608 lauit,
587 1547 608 1598 ei
619 1546 662 1596 soli
675 1547 808 1610 proderunt.

158 1624 280 1684 Praeterea,
295 1621 355 1672 siout
366 1621 434 1671 bonno
448 1617 533 1669 iaciens
544 1617 659 1682 suffragia,
671 1618 846 1682 quodammodo·
856 1621 928 1672 satis-
962 1639 963 1657 1

129 1693 184 1744 lacit
195 1705 236 1758 pro
243 1695 345 1754 mortuo,
357 1692 388 1742 ita
402 1691 471 1742 etiarn
481 1690 594 1741 interdum
611 1689 692 1754 aliquis
710 1703 752 1755 pro
770 1691 825 1743 vivo
837 1693 931 1744 satista-

127 1779 180 1816 oeue
191 1767 273 1830 polest.
285 1765 328 1816 Sed
340 1764 430 1828 quando
441 1760 523 1826 aliquis
534 1762 646 1812 salislaeit
658 1775 705 1826 pro
723 1763 794 1825 uiro,
806 1764 930 1818 satisfactio

129 1837 168 1886 illa
182 1849 231 1886 non
240 1839 383 1900 computatur
395 1833 439 1886 nisi
454 1833 488 1884 illi
501 1846 542 1899 pro
553 1846 598 1900 ¹ouo
613 1833 672 1902 lacta
683 1836 727 1884 est.
738 1833 799 1898 Ergo
813 1839 837 1888 et
850 1837 929 1888 sutfra-

130 1907 167 1970 gia
184 1906 272 1956 iaciens
293 1906 315 1956 ei
329 1906 371 1958 soli
383 1907 476 1969 prodest
492 1918 534 1969 pro
548 1917 593 1968 quo
606 1904 670 1966 laoib

166 1978 322 2041 (carausio.
334 2004 365 2014 -
377 1976 491 2040 Suffragia
504 1987 546 2040 pro
555 1988 600 2027 uno
612 1975 719 2026 defuneto
732 1975 804 2035 beta,
813 1977 865 2028 aliis
877 1993 928 2044 pro·

132 2055 186 2102 sunt
204 2049 292 2100 ratione
311 2049 441 2113 charitatis,
458 2061 502 2113 oua
516 2048 575 2099 bona
589 2047 647 2098 liunt
660 2047 725 2100 bonis
735 2050 880 2113 eommunia;
896 2065 929 2102 ru·

133 2123 195 2174 tione
204 2121 259 2172 verb
270 2119 403 2172 intentionis
416 2121 487 2184 magis
498 2120 519 2172 ei
532 2134 573 2186 pro
584 2134 629 2184 quo
639 2121 697 2170 lirant
710 2124 817 2184 prosunt,
831 2121 877 2174 inid
889 2123 929 2174 suli

132 2195 153 2246 si
166 2193 239 2246 sollum
252 2194 309 2246 ratio
323 2192 462 2244 dimissionis
474 2205 546 2258 paenae
559 2191 688 2256 habeatur.)

163 2266 297 2331 Respondeo
311 2265 445 2327 dicendum,
465 2265 525 2330 qubd
545 2265 606 2315 eirea
623 2266 667 2316 boo
680 2263 724 2314 luit
737 2263 821 2328 duplex
840 2266 927 2330 opinio.

130 2338 226 2398 Quidam
236 2339 297 2388 euim
313 2337 354 2402 (ut
369 2336 548 2402 Praepositiuus)
563 2336 669 2387 dixerunt
687 2335 748 2400 qudd
764 2337 873 2401 suffragia
890 2353 928 2402 pro
956 2363 957 2366 ¹

129 2424 176 2462 uno
189 2409 265 2474 aliquo
279 2410 339 2460 taeta
353 2422 399 2460 non
410 2410 481 2474 magis
494 2413 591 2473 prosunt
608 2409 630 2460 ei
642 2421 683 2473 pro
700 2420 745 2472 quo
758 2405 830 2472 fiunt,
846 2410 886 2461 sed
897 2409 928 2461 eis

130 2481 170 2546 qui
186 2485 238 2532 sunt
255 2481 327 2546 magis
340 2479 420 2545 digni3
435 2485 458 2531 el
474 2480 574 2548 ponebat
587 2482 715 2545 exemplum
727 2479 754 2530 de
769 2481 866 2544 ¹carnalela
878 2495 926 2544 que

130 2553 258 2604 accenditur
275 2565 316 2616 pro
339 2551 414 2616 aliquio
434 2552 520 2614 diuite,
535 2564 586 2614 quae
602 2565 648 2602 non
669 2550 746 2602 rninirs
764 2553 858 2614 prodest
879 2552 927 2603 aliia
955 2555 956 2643 l

130 2622 169 2688 qui
182 2638 232 2674 cum
250 2623 288 2676 illo
302 2626 369 2686 sunt,
385 2623 452 2687 quim
463 2623 507 2689 ipsi
515 2621 594 2687 diuiti,
607 2627 631 2676 et
642 2621 699 2674 lortd
711 2623 783 2686 magis
797 2623 817 2674 si
828 2625 925 2676 babeant

131 2695 207 2748 mulos
223 2694 347 2757 clariores;
361 2698 384 2746 et
401 2694 469 2746 etiarn
483 2696 511 2746 de
524 2695 620 2748 lectione
631 2729 639 2756 ,
652 2709 703 2760 que
724 2708 771 2745 non
785 2698 857 2762 magis
875 2710 924 2762 pro·
954 2697 955 2785 l

131 2767 182 2816 dost
193 2767 214 2816 ei
223 2780 263 2830 pro
277 2781 322 2830 quo
333 2766 429 2830 legitur,
439 2766 506 2830 quim
515 2767 567 2817 aliis
578 2767 617 2830 qui
627 2765 694 2818 simul
707 2781 758 2818 eum
773 2779 801 2818 ed
814 2769 924 2832 audiunt,

132 2839 172 2888 sed
186 2836 243 2888 lorti
258 2837 309 2890 aliis
321 2837 407 2902 magis,
423 2837 462 2902 qui
475 2841 529 2888 sunl
539 2851 607 2890 sensu
621 2838 757 2908 cppaoioras.
770 2840 872 2892 Etaieis
887 2841 925 2892 ob·
953 2837 954 2925 l

131 2907 239 2972 jiceretur
253 2907 314 2972 quod
335 2909 459 2962 secundina
477 2910 521 2964 boe
540 2910 653 2964 ordinatio
666 2910 772 2965 Eoeleaie
785 2916 846 2966 asset
860 2924 924 2974 rana,
952 2973 953 2976 Ἴ
