1924 3322
182 169 212 206 nn
228 169 337 208 rnnronr
353 171 382 206 rr
399 169 466 208 nono
483 167 694 207 areunmcrronrs.
790 158 834 207 tut

23 250 49 296 nt
61 245 217 310 arguemus
227 251 302 297 narrat
315 247 355 298 tin.
369 247 411 299 XX
421 247 457 296 De
470 247 548 297 Civil.
559 247 607 296 Dei
619 245 687 310 (cap.
696 246 735 307 ι),
744 244 836 308 quidam

22 317 129 368 haeretiei
145 323 273 382 posuemnt
287 318 383 382 primam
394 317 583 370 resurrectionem
595 318 694 367 luturam
706 329 758 368 ense
772 330 837 367 mor-

24 394 130 453 tuorum,
146 392 236 440 utrum
254 389 345 441 Christo
357 389 418 441 mille
431 389 497 440 annis
508 388 532 438 in
551 392 609 440 terra
624 393 759 451 regnarent3
778 388 837 438 unite

22 461 100 509 uocati
122 464 182 512 sunl
198 461 323 511 cluiliuslae
335 461 400 526 quasi
414 461 567 511 millenarii.
579 461 609 510 Et
625 461 676 510 ideo
697 459 837 523 Augustinus

21 531 111 583 ibidem
134 533 238 584 ostendit
249 534 319 584 rerba
328 534 368 584 illa
381 547 431 584 esso
447 534 513 584 aliter
525 533 688 596 intelligenda,
704 533 793 582 scilieet
808 533 836 582 lle

21 604 198 654 resurrectione
217 604 342 668 spirituali,
355 617 397 670 per
422 618 489 668 quam
508 604 613 655 homines
634 603 765 666 lpeceatis
778 604 837 654 dono

22 674 103 737 gratim
126 682 266 741 resurgent3
282 677 382 728 secunda
404 681 480 726 autem
497 675 631 726 resurrectio
650 681 685 726 εει
705 688 835 739 corporum.

23 748 133 809 Regnum
148 752 224 798 autem
239 747 325 799 Christi
339 748 420 799 dicitur
441 747 557 810 Ecclesia,
575 747 598 798 in
612 762 658 812 qua
674 761 727 798 oum
741 747 836 798 Christo

24 831 70 866 non
85 819 168 870 sotum
182 823 308 884 martyres,
323 821 363 872 sed
378 820 446 872 etiam
458 820 496 870 alii
508 819 574 870 electi
588 823 698 884 regnant,
714 825 739 869 ut
749 818 837 884 aparte

24 891 100 938 totum
115 889 269 953 intelligatur.
279 891 325 942 Vel
343 895 441 953 regnant
457 903 508 940 cnm
518 891 609 942 Christo
622 893 645 942 iu
661 891 746 953 gloria,
763 903 837 954 qnan-

25 963 71 1009 tum
90 962 121 1011 ad
146 975 242 1025 omnes;
257 967 280 1014 et
294 963 320 1012 su
331 963 459 1028 specialiter
472 964 557 1016 mentio
574 963 601 1014 de
616 963 768 1028 martyribus,
784 963 837 1024 qnia

24 1031 69 1095 ipsi
77 1033 207 1098 praecipue
225 1039 320 1098 regnant
332 1035 429 1098 mortni,
443 1035 482 1098 qni
495 1049 565 1099 usque
583 1035 610 1086 ad
625 1039 720 1088 mortem
733 1047 775 1099 pro
792 1047 837 1084 ve-

24 1105 90 1155 ritate
108 1110 270 1156 -eertaverunt
289 1105 426 1158 ltillenarius
441 1112 517 1156 antem
531 1120 640 1156 annorum
655 1121 702 1158 non
724 1105 837 1170 significat

25 1176 129 1240 aliquem
154 1180 242 1228 certum
260 1190 394 1241 numerum,
408 1179 449 1228 sed
468 1178 574 1241 designat
593 1182 665 1228 totum
684 1183 836 1242 tempusque

24 1261 87 1298 nunc
104 1249 246 1298 sanctinum
265 1249 356 1300 Christo
375 1251 549 1314 regnant3i1uia
570 1263 678 1300 numerus
696 1249 838 1298 millenarius

26 1319 136 1386 designat
148 1321 322 1394 uniuersitatem
334 1322 405 1384 magis
418 1322 485 1386 quam
497 1323 655 1383 centenarius,
667 1335 695 1372 eo
708 1323 769 1384 quod
783 1333 838 1370 nen·

27 1394 135 1444 tenarius
156 1397 191 1444 εει
203 1393 454 1464 εμειεειεεεὶιιενεὴεειί,
467 1391 504 1444 sed
524 1393 665 1444 millenarius
679 1396 715 1442 est
728 1405 838 1442 uumerus
855 1393 885 1441 lli
894 1408 952 1448 mis

26 1463 134 1529 solidus,
144 1478 174 1516 ex
188 1456 352 1530 dupliciluetu
368 1465 455 1516 denarii
466 1464 489 1514 in
503 1465 602 1529 seipsum
613 1477 722 1528 surgens,
733 1463 786 1526 quia
795 1465 836 1512 lle-
858 1452 914 1504 apro

28 1536 78 1584 cies
93 1537 201 1600 decem,
218 1541 307 1587 rentum
322 1541 386 1599 sunt,
403 1539 427 1588 et
440 1540 538 1588 centum
552 1536 648 1592 decies,
658 1535 721 1586 mille
732 1539 794 1584 sunl.
805 1535 836 1583 Et

29 1605 141 1659 similiter
158 1609 182 1658 in
196 1608 293 1660 Paullo.
308 1607 356 1659 CIV
371 1608 453 1659 dicitur
467 1625 475 1658 a
491 1626 505 1658 u
521 1607 590 1660 Verbi
605 1609 665 1672 quod
680 1606 795 1658 mandauit
813 1605 839 1656 iu

30 1679 93 1731 mille
109 1682 281 1746 generationes,
299 1699 309 1728 n
326 1682 349 1732 id
363 1685 398 1732 εει
405 1682 430 1731 in
443 1693 533 1732 omnes.

339 1861 496 1913 lRTlCULUS
512 1861 541 1912 11.

112 1986 202 2032 Utrum
214 1988 306 2042 lempna
321 1986 502 2032 resurrectionis
513 1990 598 2031 nostro
607 1987 640 2032 etl
649 1987 776 2032 occultum.

64 2111 98 2162 tu
121 2111 249 2162 secundum
268 2111 302 2162 sic
322 2112 458 2176 proceditur.
475 2113 569 2163 Videtur
586 2112 647 2176 quod
668 2115 759 2176 tempus
780 2110 837 2160 illud

35 2194 80 2232 nou
95 2184 127 2234 sit
137 2184 263 2234 occultum.
275 2183 332 2242 Quia
343 2184 408 2248 cujus
421 2183 557 2249 principium
572 2188 608 2235 est
618 2184 794 2235 determinatum
815 2187 839 2232 ει

35 2254 135 2320 scitum,
149 2256 201 2320 ejus
215 2255 266 2306 linis
285 2259 361 2320 potest
373 2256 522 2308 determinate
533 2257 600 2319 sciri3
614 2269 642 2307 eo
658 2256 719 2319 quod
736 2255 839 2306 «omnia

37 2334 196 2378 mensurantur
211 2329 308 2391 quadam
322 2327 429 2392 periodo,
440 2345 453 2376 n
465 2332 490 2377 ut
501 2328 584 2380 dicitur
596 2327 621 2377 in
635 2329 655 2378 ιι
672 2329 708 2380 De
727 2327 840 2377 Genero-

38 2398 104 2448 tione
120 2399 199 2462 (text.
213 2402 242 2448 ιιι
257 2397 275 2463 ).
291 2400 336 2450 Sed
350 2400 487 2464 principium
501 2399 580 2450 munii
595 2397 744 2450 determinate
758 2397 839 2450 scitur.

37 2467 95 2531 Ergo
106 2475 131 2520 et
144 2470 194 2520 linis
213 2471 286 2534 ipsius
300 2476 375 2536 potest
386 2471 536 2522 determinate
552 2471 613 2521 sciri.
627 2472 690 2521 Tunc
707 2474 783 2520 antem
796 2470 839 2520 erit

38 2543 128 2608 tempus
146 2542 317 2594 resurrectionis
329 2546 352 2596 et
367 2543 456 2608 judicii.
477 2544 537 2608 Ergo
561 2549 651 2608 tempus
670 2541 726 2592 illul
741 2555 788 2592 non
805 2545 841 2592 est

38 2616 164 2665 oecultum.
488 2655 491 2664 .

69 2690 92 2735 Ξ.
110 2690 237 2750 Praeterea,
257 2688 371 2753 Apocnl„
392 2687 451 2748 ΧΠ,
467 2685 549 2738 licitur
569 2683 630 2749 quid
649 2683 760 2735 «mulier
783 2685 841 2749 (per

40 2767 105 2818 quiam
125 2759 227 2810 Ecclesia
240 2759 396 2824 significatur)
412 2761 479 2810 narbet
497 2760 573 2810 lucum
592 2760 696 2822 paratum
711 2756 725 2808 ‘a
738 2757 783 2806 tteo
795 2793 801 2817 ,
815 2758 840 2806 in

40 2840 84 2888 qno
102 2834 208 2894 pascatur
230 2832 308 2884 diebus
327 2833 392 2883 mille
409 2833 514 2884 ducentis
537 2831 670 2894 sexaginta,
690 2846 704 2878 u
723 2829 841 2879 Danielis

42 2899 107 2952 etiam
121 2902 180 2966 xu,
195 2905 286 2968 ponitur
296 2903 388 2969 qnidam
400 2904 565 2956 determinatus
578 2915 688 2988 nuncius
701 2900 788 2954 dierum
799 2913 841 2964 per
