1970 3326
125 142 154 188 ts
272 147 470 196 succrescimus,
486 145 577 191 onnon.
594 143 672 194 nsvin,
688 143 742 181 nnr.
760 143 776 178 r.

124 227 192 278 eiiam
206 224 307 286 duxerit,
320 225 368 288 jam
381 223 453 272 iactus
463 225 499 272 est
513 221 627 284 impotens
637 220 665 270 ad
678 218 811 271 solvendum
824 217 892 270 iilud
913 223 951 272 ad

124 299 184 362 quod
197 296 325 347 tenebatur.
340 295 369 343 Et
381 294 432 344 ideo
443 292 527 343 suiiicit
539 290 560 341 si
574 291 596 342 ci
610 292 638 341 dc
652 290 738 354 nuptiis
751 289 895 353 provideat3
919 299 952 344 en

124 371 207 419 adhoc
223 365 291 417 eiiam
305 366 450 415 nontenetur
466 362 610 426 (utquidam
624 361 701 412 dicunt
711 360 730 423 i,
746 361 765 409 si
780 374 888 424 sponsus
910 366 953 416 sit

124 439 196 490 multo
205 436 304 488 melioris
314 433 465 496 conditionis,
477 439 515 483 aut
528 433 618 496 aliquod
630 433 719 496 signum
729 431 814 482 fraudis
828 433 954 488 evidens

124 511 209 570 suerit,
224 507 278 572 quia
299 506 407 571 praesumi
428 504 575 569 probabiliter
591 506 667 568 potest
690 503 749 567 qudd
775 516 864 566 sponsa
886 521 952 558 non

124 581 192 633 suerit
211 582 318 646 decepta,
334 580 373 630 sed
389 577 463 644 decipi
477 590 501 628 se
518 575 616 627 tinxerit.

372 906 536 976 dometio
554 905 676 972 XLVII.

160 1054 194 1100 Do
207 1062 325 1099 consenso
339 1053 418 1096 coacto
439 1052 460 1096 ot
474 1048 653 1098 conditionate,
669 1049 698 1094 io
711 1059 754 1094 ccx
777 1048 909 1096 articulos

477 1120 567 1166 divisa.

160 1273 245 1324 Deinde
261 1269 448 1323 considerandum
463 1271 498 1319 cst
516 1269 544 1320 de
555 1279 669 1320 consensu
685 1271 764 1318 coacto
778 1271 801 1317 ct
812 1270 951 1324 conditio-

129 1347 191 1396 nato.

160 1416 224 1466 Circa
242 1416 301 1479 quod
311 1416 443 1477 queruntur
455 1423 496 1462 sex
508 1411 557 1475 (tiz
573 1414 600 1460 1⁰
610 1410 688 1460 Utrdm
703 1410 786 1474 aliquis
799 1424 950 1470 consensus

130 1487 202 1551 possit
218 1499 268 1538 csse
283 1489 383 1536 coactus.
401 1490 428 1533 2⁰
440 1481 520 1534 Utnim
537 1482 611 1546 aiicpra
626 1483 714 1533 coactio
731 1481 805 1532 motds
822 1484 895 1534 cadat
917 1489 949 1539 in

130 1561 270 1608 constantem
283 1557 366 1606 virum.
387 1561 412 1606 3θ
428 1555 507 1606 Uti-inm
522 1566 647 1604 consensus
661 1558 752 1604 coactus
773 1554 836 1602 toltat
851 1560 950 1610 matri-

130 1630 240 1682 monium.
256 1633 282 1679 40
298 1628 375 1679 Utrirm
393 1641 517 1679 consensus
533 1629 625 1676 coactus
639 1625 707 1676 iaciat
720 1624 895 1677 matrimonium
910 1645 948 1683 ex

131 1705 193 1764 parte
213 1701 324 1764 cogentis.
343 1705 369 1749 5⁰
383 1700 463 1764 Utrdm
482 1712 524 1762 poc
541 1710 676 1749 consensum
696 1696 878 1748 conditionatum
895 1702 948 1754 fiat

131 1772 307 1824 matrimonium.
323 1777 349 1820 6⁰
362 1771 440 1821 Utrdm
460 1769 541 1833 aliquis
559 1783 587 1818 cx
602 1772 716 1833 precepto
733 1768 803 1832 patris
821 1776 947 1834 compelli

131 1843 204 1906 possit
218 1845 245 1893 ud
266 1843 435 1893 matrimonium
449 1839 636 1892 contrahendum.

433 2018 592 2070 ARTICULUS
609 2019 627 2068 l.

245 2146 330 2192 Utrdm
344 2144 432 2202 uliquis
440 2155 565 2188 consensus
578 2143 653 2200 poscit
662 2155 710 2188 csso
719 2146 821 2187 coactns.

165 2277 198 2326 dd
211 2274 307 2340 primum
323 2273 355 2322 sic
374 2271 514 2336 proceditur.
526 2270 620 2323 Videtur
633 2271 692 2335 qudd
709 2270 785 2320 nullus
802 2281 950 2330 consensus

134 2346 207 2410 possit
216 2357 266 2396 esse
283 2346 384 2395 coactus:
399 2342 492 2394 Coactio
505 2342 564 2394 enim
576 2344 600 2392 in
613 2343 708 2393 liberum
723 2339 839 2391 arbitrium
850 2345 948 2400 cadere

134 2431 180 2468 non
196 2421 273 2482 potest
290 2415 413 2467 secundinm
433 2415 531 2480 aliquem
546 2418 629 2465 statum
644 2415 709 2477 ejus,
726 2411 788 2462 utin
802 2412 830 2462 li.
849 2415 945 2478 sent„

134 2488 187 2540 dist.
202 2493 248 2548 25,
263 2492 342 2552 qut,
358 2491 402 2538 art.
412 2492 439 2551 ἓ,
455 2487 596 2538 dictumest.
617 2486 661 2535 Sed
676 2497 802 2536 consensus
816 2488 852 2535 est
867 2492 946 2542 actus

134 2559 200 2609 liberi
208 2557 303 2609 arbitrii.
318 2559 375 2623 Engo
387 2573 432 2610 non
442 2561 518 2622 potest
528 2569 578 2608 csse
591 2558 690 2606 coactus.

167 2636 190 2682 a.
206 2631 329 2694 Praeterea,
343 2632 468 2682 violentum
481 2629 541 2680 idem
560 2628 668 2692 estquod
684 2631 796 2678 coactum.
812 2627 857 2679 Sed
869 2644 945 2686 coac-

135 2701 382 2767 tnmest,secnndi1m
398 2700 564 2765 Philosophum
579 2699 637 2764 (lib.
653 2699 692 2749 nn.
710 2699 807 2759 dedic,
824 2713 877 2766 cap.
895 2707 945 2772 1),

136 2865 140 2872 ’
168 2875 200 2941 (1)
215 2881 250 2926 Ex
263 2879 305 2941 lv,
319 2877 398 2930 Sept,
412 2879 465 2924 dist.
477 2876 518 2937 29,
532 2888 573 2934 qu.
587 2874 615 2934 1,
632 2879 676 2926 ast.
692 2873 703 2920 1
719 2877 743 2920 et
754 2883 821 2931 seqq.
