1998 3326
149 199 182 246 92
304 205 504 254 coronamentum,
522 205 617 251 oumsn.
635 206 799 254 nu‚nnn.11.

149 287 227 336 teneat
242 283 281 334 uel
295 296 341 334 non
351 285 444 344 teneat,
457 285 481 331 et
499 281 544 332 tale
560 279 749 345 impedimentum
760 285 796 332 est
805 279 905 330 affinitas
916 279 967 330 vel

150 359 238 418 votum,
248 358 271 404 et
281 357 361 418 caetera
373 351 510 414 hujusmodi.
522 351 628 411 Quadam
640 356 716 404 autem
730 351 893 416 impedimenta
900 355 968 402 sunt

148 441 201 492 qne
215 426 302 476 iaciunt
315 423 485 474 matrimonium
505 423 611 473 inefficax
628 424 656 474 ad
677 423 811 474 solutionem
829 421 907 474 debiti.
926 423 969 474 Et

149 499 203 562 quia
212 496 366 548 in‘uoluntate
378 498 454 546 nostra
466 492 571 546 consistit
585 492 685 544 debitum
700 493 764 544 nobis
775 493 891 551 relaxare,
901 493 968 546 ideo

149 569 205 619 talia
218 567 382 632 impedimenta
397 565 419 616 si
436 565 483 616 siut
498 565 602 628 cognita,
613 565 781 614 matrimonium
796 577 843 614 non
862 562 966 628 tollunt,

147 636 190 691 sed
203 637 276 688 sollum
296 637 387 702 quando
402 635 529 700 ignorantia
543 635 719 686 voluntarium
735 635 853 697 excludit3
868 637 893 684 et
909 633 969 686 tale

148 709 338 772 impedimentum
359 710 395 758 est
413 711 512 758 seruitus
532 709 556 757 et
572 704 706 770 impotentia
724 704 829 755 coeundi.
852 703 881 754 lit
901 705 970 768 quia

147 780 220 830 ctiam
236 779 264 830 tle
284 791 309 829 se
325 779 410 828 habent
422 778 522 843 aliquam
541 777 652 828 rationem
664 775 837 840 impedimenti,
848 775 900 826 ideo
911 789 969 838 po-

149 855 236 902 nuntur
248 850 357 914 specialia
370 847 531 914 impedimenta
541 853 623 914 praeter
638 861 750 913 errorem;
758 861 805 898 nou
817 851 892 898 autem
901 860 968 911 per-

147 930 211 974 'sonae
225 920 319 972 variatio
329 921 421 985 ponitur
432 920 529 985 speciale
539 919 728 984 impedimentum
740 922 823 982 praeter
835 931 962 983 errorem,

147 993 204 1056 quia
218 1005 318 1057 persona
334 991 378 1040 alia
391 990 563 1042 subintroducta
577 1005 624 1042 non
640 990 711 1041 habet
726 988 836 1042 rationem
854 989 967 1054 impetii-

148 1062 236 1126 menti,
251 1061 296 1113 nisi
313 1075 343 1113 ex
354 1061 482 1112 intentione
496 1060 661 1112 contrahentis.
990 1075 991 1078 ¹

183 1133 217 1182 iol
233 1133 340 1196 quintum
354 1131 491 1195 dicendum,
502 1132 563 1196 qnod
573 1132 721 1184 liberttsnon
730 1129 824 1194 impedit
834 1131 963 1185 matrimo-
990 1181 991 1186 ,

150 1202 186 1253 nti
198 1205 283 1252 aetum.
297 1203 362 1253 llncle
378 1201 472 1252 libertas
485 1202 589 1264 ignorata
601 1215 648 1254 non
661 1201 756 1266 impedit
769 1201 957 1255 matrimonium.
990 1259 991 1268 χ

180 1273 215 1322 lo
225 1276 316 1323 sextum
325 1272 454 1336 dicendum,
467 1273 528 1336 quid
541 1274 605 1336 lepra
615 1285 663 1324 uon
674 1272 769 1337 impedit
779 1273 960 1325 matrimonium

146 1342 260 1406 quantum
273 1345 302 1395 ad
317 1344 416 1408 primum
432 1347 508 1393 actum
522 1357 602 1405 suum,
614 1345 668 1408 quia
684 1343 768 1406 leprosi
778 1343 881 1394 debitum
899 1345 963 1396 red·
990 1375 991 1390 2

148 1413 204 1464 alere
222 1417 319 1476 possunt
335 1413 419 1474 libere,
435 1414 538 1476 quamvis
557 1413 631 1477 aliqua
650 1415 782 1478 gravamina
799 1413 963 1469 matrimoniis

149 1482 234 1533 inierat
252 1482 362 1545 mantum
381 1483 410 1532 ad
429 1485 539 1534 secundos
555 1485 659 1536 effectus.
675 1486 703 1536 Et
723 1485 774 1537 ideo
791 1498 836 1536 non
857 1485 966 1552 impedit
990 1517 991 1532 r

148 1552 332 1616 matrimonium,
347 1553 405 1604 sicut
419 1554 525 1606 servitus.

238 1699 252 1728 1

442 1733 606 1784 antinoios
623 1734 653 1784 ll.

153 1857 521 1964 Utrimceruucmatrimonimba
538 1859 677 1908 contrahere
692 1859 826 1917 poscitrinc
835 1873 961 1910 comem

517 1921 599 1965 omini.

180 2048 213 2098 lo
230 2049 353 2098 secundom
373 2049 407 2099 sic
424 2049 562 2114 pmceditor.
582 2049 677 2105 litetur
694 2051 754 2116 quod
774 2063 854 2102 servus
871 2053 960 2106 matri·

148 2118 252 2169 monium
269 2120 402 2170 contrahere
418 2133 465 2170 non
479 2120 554 2184 possit
570 2121 621 2172 sinc
632 2135 746 2174 consensu
760 2121 855 2173 domini.
867 2123 959 2176 Nullus

148 2189 211 2240 onim
227 2192 302 2252 potest
319 2189 387 2238 alicui
400 2190 453 2240 dare
471 2191 531 2253 quod
544 2195 579 2242 est
596 2191 688 2242 alterius
696 2229 705 2256 ,
717 2193 768 2242 sine
786 2204 901 2243 consensu
916 2195 956 2259 ip-

146 2257 207 2309 sius.
215 2259 260 2310 Sed
275 2272 355 2310 servus
366 2263 402 2310 est
413 2273 449 2310 res
461 2261 555 2312 donnini.
569 2263 628 2325 lingo
642 2276 689 2313 non
698 2266 782 2327 potest,
794 2265 958 2317 contrahendo

148 2329 332 2390 matrimonium,
348 2331 400 2382 dare
416 2335 552 2396 potestatem
568 2333 670 2398 corporis
681 2334 717 2384 aui
729 2333 807 2394 uxori,
823 2333 874 2384 sine
889 2350 959 2388 con-

146 2411 220 2450 censu
237 2401 335 2452 domini.

180 2475 205 2523 2.
217 2475 339 2536 Praeterea,
352 2485 431 2526 servus
442 2479 533 2527 tenetur
543 2475 634 2528 dominc
644 2490 686 2528 sno
701 2475 810 2538 obedire,
825 2479 850 2526 ut
865 2475 956 2530 dicitnr

147 2543 184 2592 ad
200 2542 304 2599 Colore..
317 2545 356 2596 lll.
371 2545 415 2597 Sed
425 2547 532 2598 dominns
546 2551 619 2611 potest
629 2549 651 2600 ei
661 2549 782 2613 precipere
795 2547 856 2611 quod
865 2547 893 2599 in
903 2563 956 2600 ma-

147 2613 280 2664 trimonium
293 2628 339 2667 non
356 2617 490 2668 consentiat.
505 2619 564 2681 Ergo
574 2617 623 2669 elane
633 2630 746 2669 consensu
754 2618 806 2682 ejus
816 2630 863 2668 non
873 2623 958 2682 potest

148 2684 320 2737 matrimonium
332 2690 477 2740 contrahere.

180 2759 204 2804 t.
220 2757 344 2821 Proclama,
353 2762 406 2823 post
415 2762 554 2810 contmctom
567 2759 736 2810 matrimonium
746 2796 753 2819 ‚
765 2771 845 2811 seruus
856 2762 957 2811 tenetur

145 2826 241 2878 reddere
254 2829 356 2879 dolitum
370 2830 451 2892 uxori,
462 2829 531 2880 etium
545 2843 574 2880 ex
588 2831 773 2896 praceptojmis
785 2829 873 2892 (lirini,
887 2830 956 2881 sicut

146 2897 168 2947 l.
187 2899 224 2950 cd
238 2901 307 2960 cor..
326 2901 385 2966 v11,
399 2904 472 2968 patet.
487 2901 531 2952 Sed
550 2913 578 2953 eo
591 2907 694 2967 temporo
708 2916 753 2967 quo
770 2914 829 2953 uxor
845 2899 955 2953 debitum
