2030 3330
179 121 211 158 nit
224 118 385 158 luetolltnrito
399 118 550 159 minimorum
566 117 744 169 consumit),
757 120 810 160 ETC.
848 112 893 160 2ss

86 195 232 258 ditandum,
250 200 327 248 umen
340 197 412 248 adhue
426 200 503 248 manet
514 197 629 248 uinculum
641 196 779 252 matrimonii
791 237 797 260 ‚
811 211 841 250 ex
850 211 895 262 quc

85 270 115 319 ad
131 271 181 320 hoc
193 269 322 320 terrebatur.
336 270 365 320 iit
373 269 424 320 ideo
438 282 484 321 non
497 272 572 334 potest
586 269 614 321 ad
624 269 690 321 aloru
704 269 808 334 copulam
818 274 895 321 trame-

84 339 120 390 ire
135 339 191 390 rire
206 340 314 402 virente,
324 343 402 404 potest
419 343 497 392 tamen
510 339 677 392 continentiam
694 353 779 392 vovere
791 341 840 392 riro
859 341 895 391 iu·

83 409 153 475 nito;
169 410 218 461 uisi
234 410 336 463 uideatur
355 411 458 464 Ecclesia
479 412 574 477 decepta
589 411 658 464 luisse
674 425 714 476 per
727 412 796 464 lalsos
814 414 893 475 testes,

84 482 255 534 sententiando
265 483 414 547 dediuorti03
425 485 477 549 quia
489 483 515 534 in
523 485 565 536 tali
575 497 639 546 casu,
652 484 742 535 etiamsi
755 489 833 536 uotum
843 499 895 551 pro

83 555 201 607 fessionis
220 556 352 616 emisisset,
376 557 519 608 restituerem
538 557 605 622 viro,
627 561 651 608 et
666 559 782 608 teneretur
801 557 894 608 reddere

86 626 214 688 debitum,
228 628 268 680 sed
281 641 327 679 non
340 627 419 680 liceret
433 628 455 680 ei
473 628 576 692 exigere.

13 721 15 734 ν
120 699 158 748 llo
176 703 282 763 quartum
292 699 430 762 dicendum,
443 699 502 764 quod
514 699 622 764 exceptio,
633 697 673 750 illa
692 713 742 764 quaa
760 705 796 752 est
808 700 832 752 im
844 715 894 752 ver·

87 768 127 821 lais
145 769 255 833 Domini,
268 771 365 825 retertur
375 772 403 822 ad
416 770 574 822 dimissionem
587 771 664 824 ureris
671 788 680 838 5
692 775 715 826 et
728 771 778 824 ideo
793 773 892 837 objectio

87 855 119 894 eu
131 841 195 894 falsu
206 840 325 894 intellectu
339 841 453 908 procedit.
489 895 494 910 „

386 1021 545 1074 auricomis
560 1022 598 1073 vl.

138 1149 227 1195 Uirium
234 1152 289 1216 poet
298 1149 428 1196 divortium
437 1150 507 1194 niret
516 1161 576 1194 uuor
589 1148 680 1206 possint
694 1148 852 1194 reconciliari.
883 1121 885 1129 .

78 1270 84 1273 ’
126 1277 162 1328 lid
174 1280 265 1328 eentum
277 1276 311 1328 sic
323 1276 462 1341 proceditur.
478 1276 573 1328 videtur
590 1276 650 1341 quod
662 1281 716 1341 post
727 1275 847 1337 tironium
859 1277 895 1327 vir

92 1353 120 1401 et
131 1361 192 1400 uxor
207 1362 255 1401 nou
271 1351 368 1414 possunt
383 1349 534 1401 reconciliari.
550 1349 638 1413 Regula
654 1348 716 1400 euim
736 1351 770 1400 est
783 1347 871 1412 injure
886 1365 892 1398 :

95 1439 110 1470 u
123 1423 190 1482 Quod
202 1422 273 1473 semel
288 1421 347 1473 bene
358 1421 478 1472 delinitum
491 1426 541 1482 est,
555 1421 618 1472 nulla
642 1421 710 1473 debet
721 1419 844 1472 iteratione
856 1433 895 1472 re·

94 1493 223 1544 tractari.»
238 1493 284 1544 Sed
293 1491 379 1557 judicio
388 1492 495 1546 Ecclesiae
503 1492 671 1544 delinitumeat
684 1489 745 1556 quod
759 1491 841 1543 dehent
854 1505 895 1544 se·

94 1563 180 1630 parari.
193 1565 253 1628 llrgo
266 1578 313 1618 uun
326 1567 423 1630 possunt
435 1564 578 1617 reconciliari
587 1565 692 1616 ulterius.

127 1643 153 1689 2.
168 1639 296 1698 Prummu,
313 1637 332 1689 si
345 1639 424 1702 posset
436 1651 487 1689 esse
498 1635 664 1694 reconciliatio.
679 1634 792 1700 precipue
807 1637 896 1688 videtur

96 1709 157 1774 qudd
166 1715 218 1775 pest
228 1710 386 1774 paenitentiam
399 1708 477 1761 ureris
490 1708 526 1758 vir
537 1711 642 1760 teneatur
656 1720 707 1759 eam
723 1708 832 1771 recipere.
851 1710 894 1761 Sed

97 1793 143 1834 neu
161 1785 269 1845 tenetur,
284 1781 338 1846 quia
357 1780 426 1832 etiam
444 1793 503 1831 uuor
523 1792 570 1831 neu
597 1782 673 1844 potest
697 1793 738 1843 pro
757 1779 894 1845 exceptione

97 1853 261 1918 proponerem
276 1853 363 1918 jndicio
377 1867 441 1904 suam
455 1845 627 1918 paenitentiam,
643 1851 810 1904 contravirum
829 1866 898 1904 arcu«

99 1932 185 1979 mutem
200 1928 228 1978 de
243 1925 401 1979 seminatione.
415 1927 474 1991 Ergo
487 1925 549 1977 nullo
560 1925 627 1977 modo
639 1927 715 1990 potest
729 1925 778 1977 ieri
791 1924 894 1978 recouuia

99 1999 170 2052 liatlo.

132 2077 154 2122 3.
169 2072 328 2136 Praeterea,·si
340 2075 419 2138 posset
430 2085 482 2124 esse
495 2071 657 2132 reconciliatio,
669 2071 758 2122 ridetur
766 2071 828 2135 qudd
838 2085 895 2122 uxor

13 2193 16 2214 ‚
102 2145 200 2196 adultera
209 2148 331 2204 teneretur
341 2144 414 2196 redire
425 2147 453 2196 ad
466 2146 539 2196 virum
547 2141 782 2209 ipsamre'vccantem.
792 2143 836 2194 Sed
848 2157 895 2194 mom
954 2156 958 2172 r

102 2221 195 2281 tenetur,
206 2217 259 2282 quia
270 2217 318 2281 J'am
332 2217 430 2281 separati
444 2221 498 2267 suut
506 2212 591 2281 judicio'
610 2217 728 2268 Ecclesiae.
741 2217 820 2279 Ergo,
834 2217 878 2266 etc.

132 2291 155 2339 t.
167 2289 294 2350 Praeterea,
312 2289 331 2339 si
344 2289 425 2340 liceret
442 2289 588 2340 reconciliare
601 2302 696 2341 uxerem
719 2287 843 2338 adulteram
854 2325 860 2348 ‚
873 2285 896 2336 io

101 2359 139 2412 illo
152 2372 206 2410 casu
217 2359 333 2424 praecipue
342 2360 436 2410 deberet
446 2360 504 2424 lieri,
519 2363 610 2426 quando
620 2361 657 2411 rir
666 2363 720 2425 pust
730 2359 850 2409 diuortium
861 2359 897 2408 irr-

101 2432 189 2483 oeuitur
207 2430 343 2482 adulterium
361 2432 512 2484 committere.
528 2434 573 2484 Sed
589 2433 614 2483 iu
635 2433 680 2482 lroc
699 2443 753 2482 casu
773 2441 830 2480 uaur
850 2441 897 2481 uon

102 2508 175 2568 potest
188 2517 269 2567 cogere
283 2515 337 2554 curu
351 2505 380 2554 ad
398 2503 622 2568 reconciliationem,
637 2503 688 2554 crim
702 2500 765 2567 jusit
779 2501 808 2551 eil
823 2500 897 2552 divor·

109 2575 163 2626 tium
178 2575 325 2626 celebratum.
343 2575 402 2639 Ergo
414 2575 476 2626 nullo
492 2575 558 2627 modo
573 2578 650 2640 potest
664 2572 814 2624 reconciliari.

60 2659 64 2665 ’
133 2651 155 2696 5.
165 2647 295 2708 Praeterea,
310 2645 330 2697 ei
343 2646 380 2697 rir
392 2646 482 2696 adulter
494 2645 581 2698 occulte
593 2644 691 2696 dimittat
701 2657 794 2696 uxorem
807 2643 898 2696 commc-

105 2722 150 2768 tam
170 2719 198 2768 de
219 2717 331 2769 adulterio
348 2731 389 2782 per
404 2719 512 2769 Ecclesia.
524 2717 649 2781 judicium,
665 2729 710 2768 nou
731 2717 820 2766 videtur
835 2715 899 2778 juste

104 2790 187 2840 lactum
197 2789 331 2840 divortium.
347 2789 392 2840 Sed
402 2793 479 2840 tamen
493 2790 528 2839 vir
538 2803 584 2840 nou
594 2793 685 2840 tenetur
700 2799 793 2840 oaorem
804 2787 848 2836 sibi
861 2801 898 2837 re·

106 2861 235 2954 crodium
249 2863 302 2928 quia
315 2875 372 2914 uuor
389 2863 484 2928 probare
500 2863 526 2913 iu
545 2863 630 2928 judicio
647 2860 780 2914 adulterium
794 2860 839 2914 uiri
852 2871 899 2912 uon
