<?xml version="1.0" encoding="UTF-8"?>
<!DOCTYPE html PUBLIC "-//W3C//DTD XHTML 1.0 Transitional//EN"
    "http://www.w3.org/TR/xhtml1/DTD/xhtml1-transitional.dtd">
<html xmlns="http://www.w3.org/1999/xhtml" xml:lang="en" lang="en">
 <head>
  <title>
</title>
<meta http-equiv="Content-Type" content="text/html;charset=utf-8" />
  <meta name='ocr-system' content='tesseract 3.04.00' />
  <meta name='ocr-capabilities' content='ocr_page ocr_carea ocr_par ocr_line ocrx_word'/>
</head>
<body>
  <div class='ocr_page' id='page_1' title='image "./summatheologica06nicogoog_0172.png"; bbox 0 0 2026 3304; ppageno 0'>
   <div class='ocr_carea' id='block_1_1' title="bbox 132 89 936 276">
    <p class='ocr_par' dir='ltr' id='par_1_1' title="bbox 132 89 936 276">
     <span class='ocr_line' id='line_1_1' title="bbox 132 89 863 183; baseline -0.005 -9"><span class='ocrx_word' id='word_1_1' title='bbox 132 123 179 174; x_wconf 75' lang='lat' dir='ltr'><strong>ltu</strong></span> <span class='ocrx_word' id='word_1_2' title='bbox 273 127 474 182; x_wconf 75' lang='lat' dir='ltr'><strong>snrnmtururr,</strong></span> <span class='ocrx_word' id='word_1_3' title='bbox 491 133 583 178; x_wconf 73' lang='lat' dir='ltr'><strong>oumsn</strong></span> <span class='ocrx_word' id='word_1_4' title='bbox 600 131 672 183; x_wconf 80' lang='lat' dir='ltr'><strong>narn,</strong></span> <span class='ocrx_word' id='word_1_5' title='bbox 689 127 743 172; x_wconf 79' lang='lat' dir='ltr'><strong>nur.</strong></span> <span class='ocrx_word' id='word_1_6' title='bbox 761 129 789 171; x_wconf 90' lang='lat' dir='ltr'><strong>tr.</strong></span> <span class='ocrx_word' id='word_1_7' title='bbox 858 89 863 96; x_wconf 39' lang='grc'><strong>’</strong></span> 
     </span>
     <span class='ocr_line' id='line_1_2' title="bbox 132 203 936 276; baseline -0.002 -14"><span class='ocrx_word' id='word_1_8' title='bbox 132 212 256 265; x_wconf 89' lang='lat' dir='ltr'><strong>triennium</strong></span> <span class='ocrx_word' id='word_1_9' title='bbox 263 234 273 272; x_wconf 30' lang='lat' dir='ltr'><strong>A,</strong></span> <span class='ocrx_word' id='word_1_10' title='bbox 284 211 377 260; x_wconf 88' lang='lat' dir='ltr'><strong>alteram</strong></span> <span class='ocrx_word' id='word_1_11' title='bbox 392 221 492 272; x_wconf 78' lang='lat' dir='ltr'><strong>quaerere</strong></span> <span class='ocrx_word' id='word_1_12' title='bbox 503 209 606 272; x_wconf 84' lang='lat' dir='ltr'><strong>eupolum</strong></span> <span class='ocrx_word' id='word_1_13' title='bbox 621 211 732 272; x_wconf 82' lang='lat' dir='ltr'><strong>possuut3</strong></span> <span class='ocrx_word' id='word_1_14' title='bbox 743 207 800 259; x_wconf 82' lang='lat' dir='ltr'><strong>aliis</strong></span> <span class='ocrx_word' id='word_1_15' title='bbox 811 203 915 261; x_wconf 75' lang='lat' dir='ltr'><strong>minime.</strong></span> <span class='ocrx_word' id='word_1_16' title='bbox 926 213 936 276; x_wconf 75' lang='lat' dir='ltr'><strong>t</strong></span> 
     </span>
    </p>
   </div>
   <div class='ocr_carea' id='block_1_2' title="bbox 125 277 938 2118">
    <p class='ocr_par' dir='ltr' id='par_1_2' title="bbox 125 277 938 2118">
     <span class='ocr_line' id='line_1_3' title="bbox 163 277 938 346; baseline -0.001 -12"><span class='ocrx_word' id='word_1_17' title='bbox 163 282 297 346; x_wconf 80' lang='lat' dir='ltr'><strong>Respondet</strong></span> <span class='ocrx_word' id='word_1_18' title='bbox 315 279 454 342; x_wconf 85' lang='lat' dir='ltr'><strong>dicendum,</strong></span> <span class='ocrx_word' id='word_1_19' title='bbox 468 279 527 342; x_wconf 84' lang='lat' dir='ltr'><strong>quod</strong></span> <span class='ocrx_word' id='word_1_20' title='bbox 541 277 632 340; x_wconf 84' lang='lat' dir='ltr'><strong>qnidam</strong></span> <span class='ocrx_word' id='word_1_21' title='bbox 653 277 758 328; x_wconf 86' lang='lat' dir='ltr'><strong>dixerunt</strong></span> <span class='ocrx_word' id='word_1_22' title='bbox 771 278 831 343; x_wconf 84' lang='lat' dir='ltr'><strong>qnod</strong></span> <span class='ocrx_word' id='word_1_23' title='bbox 846 282 938 333; x_wconf 88' lang='lat' dir='ltr'><strong>malett-</strong></span> 
     </span>
     <span class='ocr_line' id='line_1_4' title="bbox 132 349 938 416; baseline -0.001 -11"><span class='ocrx_word' id='word_1_24' title='bbox 132 355 191 406; x_wconf 85' lang='lat' dir='ltr'><strong>uium</strong></span> <span class='ocrx_word' id='word_1_25' title='bbox 207 353 262 402; x_wconf 87' lang='lat' dir='ltr'><strong>nihil</strong></span> <span class='ocrx_word' id='word_1_26' title='bbox 277 355 326 402; x_wconf 86' lang='lat' dir='ltr'><strong>erat</strong></span> <span class='ocrx_word' id='word_1_27' title='bbox 340 351 362 399; x_wconf 94' lang='lat' dir='ltr'><strong>in</strong></span> <span class='ocrx_word' id='word_1_28' title='bbox 374 351 475 411; x_wconf 91' lang='lat' dir='ltr'><strong>mundo,</strong></span> <span class='ocrx_word' id='word_1_29' title='bbox 491 349 534 399; x_wconf 89' lang='lat' dir='ltr'><strong>nisi</strong></span> <span class='ocrx_word' id='word_1_30' title='bbox 549 349 573 398; x_wconf 93' lang='lat' dir='ltr'><strong>in</strong></span> <span class='ocrx_word' id='word_1_31' title='bbox 587 349 738 402; x_wconf 74' lang='lat' dir='ltr'><strong>estimatione</strong></span> <span class='ocrx_word' id='word_1_32' title='bbox 751 351 867 402; x_wconf 84' lang='lat' dir='ltr'><strong>hominurn</strong></span> <span class='ocrx_word' id='word_1_33' title='bbox 876 354 938 416; x_wconf 87' lang='lat' dir='ltr'><strong>,qui</strong></span> 
     </span>
     <span class='ocr_line' id='line_1_5' title="bbox 134 421 936 484; baseline -0.002 -8"><span class='ocrx_word' id='word_1_34' title='bbox 134 425 228 476; x_wconf 88' lang='lat' dir='ltr'><strong>ellectns</strong></span> <span class='ocrx_word' id='word_1_35' title='bbox 237 421 366 482; x_wconf 78' lang='lat' dir='ltr'><strong>naturales,</strong></span> <span class='ocrx_word' id='word_1_36' title='bbox 377 433 472 484; x_wconf 79' lang='lat' dir='ltr'><strong>purorum</strong></span> <span class='ocrx_word' id='word_1_37' title='bbox 483 433 559 471; x_wconf 77' lang='lat' dir='ltr'><strong>eausa</strong></span> <span class='ocrx_word' id='word_1_38' title='bbox 568 425 623 470; x_wconf 92' lang='lat' dir='ltr'><strong>sunt</strong></span> <span class='ocrx_word' id='word_1_39' title='bbox 632 422 744 481; x_wconf 67' lang='lat' dir='ltr'><strong>multu,</strong></span> <span class='ocrx_word' id='word_1_40' title='bbox 758 423 875 473; x_wconf 80' lang='lat' dir='ltr'><strong>melotidis</strong></span> <span class='ocrx_word' id='word_1_41' title='bbox 886 425 936 476; x_wconf 90' lang='lat' dir='ltr'><strong>im-</strong></span> 
     </span>
     <span class='ocr_line' id='line_1_6' title="bbox 132 494 937 563; baseline 0.002 -17"><span class='ocrx_word' id='word_1_42' title='bbox 132 497 251 563; x_wconf 86' lang='lat' dir='ltr'><strong>putabant.</strong></span> <span class='ocrx_word' id='word_1_43' title='bbox 263 495 309 544; x_wconf 83' lang='lat' dir='ltr'><strong>Sed</strong></span> <span class='ocrx_word' id='word_1_44' title='bbox 316 495 359 545; x_wconf 88' lang='lat' dir='ltr'><strong>hoe</strong></span> <span class='ocrx_word' id='word_1_45' title='bbox 367 497 403 544; x_wconf 89' lang='lat' dir='ltr'><strong>est</strong></span> <span class='ocrx_word' id='word_1_46' title='bbox 410 498 488 544; x_wconf 88' lang='lat' dir='ltr'><strong>eontra</strong></span> <span class='ocrx_word' id='word_1_47' title='bbox 495 494 641 543; x_wconf 83' lang='lat' dir='ltr'><strong>auctoritates</strong></span> <span class='ocrx_word' id='word_1_48' title='bbox 649 497 787 554; x_wconf 70' lang='lat' dir='ltr'><strong>sanderum,</strong></span> <span class='ocrx_word' id='word_1_49' title='bbox 797 496 838 559; x_wconf 84' lang='lat' dir='ltr'><strong>qui</strong></span> <span class='ocrx_word' id='word_1_50' title='bbox 851 495 937 548; x_wconf 85' lang='lat' dir='ltr'><strong>dieunt</strong></span> 
     </span>
     <span class='ocr_line' id='line_1_7' title="bbox 130 566 936 632; baseline -0.002 -13"><span class='ocrx_word' id='word_1_51' title='bbox 130 568 191 632; x_wconf 79' lang='lat' dir='ltr'><strong>qudd</strong></span> <span class='ocrx_word' id='word_1_52' title='bbox 203 567 318 617; x_wconf 71' lang='lat' dir='ltr'><strong>demones</strong></span> <span class='ocrx_word' id='word_1_53' title='bbox 331 566 415 616; x_wconf 85' lang='lat' dir='ltr'><strong>nebant</strong></span> <span class='ocrx_word' id='word_1_54' title='bbox 427 569 564 630; x_wconf 85' lang='lat' dir='ltr'><strong>potestatem</strong></span> <span class='ocrx_word' id='word_1_55' title='bbox 578 573 646 628; x_wconf 85' lang='lat' dir='ltr'><strong>supra</strong></span> <span class='ocrx_word' id='word_1_56' title='bbox 659 573 751 629; x_wconf 82' lang='lat' dir='ltr'><strong>corpora</strong></span> <span class='ocrx_word' id='word_1_57' title='bbox 760 569 785 616; x_wconf 89' lang='lat' dir='ltr'><strong>et</strong></span> <span class='ocrx_word' id='word_1_58' title='bbox 796 579 863 630; x_wconf 89' lang='lat' dir='ltr'><strong>supra</strong></span> <span class='ocrx_word' id='word_1_59' title='bbox 871 567 936 618; x_wconf 89' lang='lat' dir='ltr'><strong>ima-</strong></span> 
     </span>
     <span class='ocr_line' id='line_1_8' title="bbox 132 635 936 703; baseline 0.002 -15"><span class='ocrx_word' id='word_1_60' title='bbox 132 637 271 703; x_wconf 73' lang='lat' dir='ltr'><strong>ginationem</strong></span> <span class='ocrx_word' id='word_1_61' title='bbox 285 637 417 696; x_wconf 88' lang='lat' dir='ltr'><strong>hominum,</strong></span> <span class='ocrx_word' id='word_1_62' title='bbox 431 636 521 698; x_wconf 88' lang='lat' dir='ltr'><strong>quando</strong></span> <span class='ocrx_word' id='word_1_63' title='bbox 536 635 549 684; x_wconf 84' lang='lat' dir='ltr'><strong>l</strong></span> <span class='ocrx_word' id='word_1_64' title='bbox 564 636 610 686; x_wconf 86' lang='lat' dir='ltr'><strong>tteu</strong></span> <span class='ocrx_word' id='word_1_65' title='bbox 623 636 793 700; x_wconf 86' lang='lat' dir='ltr'><strong>permittuntur.</strong></span> <span class='ocrx_word' id='word_1_66' title='bbox 808 638 871 689; x_wconf 87' lang='lat' dir='ltr'><strong>Unde</strong></span> <span class='ocrx_word' id='word_1_67' title='bbox 889 651 936 702; x_wconf 91' lang='lat' dir='ltr'><strong>per</strong></span> 
     </span>
     <span class='ocr_line' id='line_1_9' title="bbox 131 706 935 771; baseline 0.002 -11"><span class='ocrx_word' id='word_1_68' title='bbox 131 723 171 762; x_wconf 90' lang='lat' dir='ltr'><strong>eos</strong></span> <span class='ocrx_word' id='word_1_69' title='bbox 185 707 281 759; x_wconf 88' lang='lat' dir='ltr'><strong>maleilei</strong></span> <span class='ocrx_word' id='word_1_70' title='bbox 295 709 371 771; x_wconf 85' lang='lat' dir='ltr'><strong>aliqua</strong></span> <span class='ocrx_word' id='word_1_71' title='bbox 384 707 449 771; x_wconf 76' lang='lat' dir='ltr'><strong>signa</strong></span> <span class='ocrx_word' id='word_1_72' title='bbox 469 706 544 755; x_wconf 81' lang='lat' dir='ltr'><strong>lasere</strong></span> <span class='ocrx_word' id='word_1_73' title='bbox 557 710 662 768; x_wconf 75' lang='lat' dir='ltr'><strong>possunt.</strong></span> <span class='ocrx_word' id='word_1_74' title='bbox 677 707 781 758; x_wconf 73' lang='lat' dir='ltr'><strong>Procedit</strong></span> <span class='ocrx_word' id='word_1_75' title='bbox 792 710 866 758; x_wconf 81' lang='lat' dir='ltr'><strong>autent</strong></span> <span class='ocrx_word' id='word_1_76' title='bbox 881 710 935 762; x_wconf 77' lang='lat' dir='ltr'><strong>lraec</strong></span> 
     </span>
     <span class='ocr_line' id='line_1_10' title="bbox 131 776 934 846; baseline -0.001 -15"><span class='ocrx_word' id='word_1_77' title='bbox 131 780 210 846; x_wconf 91' lang='lat' dir='ltr'><strong>opinio</strong></span> <span class='ocrx_word' id='word_1_78' title='bbox 224 793 252 830; x_wconf 85' lang='lat' dir='ltr'><strong>ex</strong></span> <span class='ocrx_word' id='word_1_79' title='bbox 262 779 336 830; x_wconf 86' lang='lat' dir='ltr'><strong>radice</strong></span> <span class='ocrx_word' id='word_1_80' title='bbox 351 777 491 828; x_wconf 83' lang='lat' dir='ltr'><strong>infidelitatis</strong></span> <span class='ocrx_word' id='word_1_81' title='bbox 504 777 554 826; x_wconf 82' lang='lat' dir='ltr'><strong>sire</strong></span> <span class='ocrx_word' id='word_1_82' title='bbox 567 776 737 838; x_wconf 68' lang='lat' dir='ltr'><strong>incredulitatis,</strong></span> <span class='ocrx_word' id='word_1_83' title='bbox 750 777 804 841; x_wconf 86' lang='lat' dir='ltr'><strong>qnia</strong></span> <span class='ocrx_word' id='word_1_84' title='bbox 816 791 862 829; x_wconf 90' lang='lat' dir='ltr'><strong>non</strong></span> <span class='ocrx_word' id='word_1_85' title='bbox 875 793 934 832; x_wconf 83' lang='lat' dir='ltr'><strong>rre-</strong></span> 
     </span>
     <span class='ocr_line' id='line_1_11' title="bbox 131 847 935 911; baseline -0.001 -8"><span class='ocrx_word' id='word_1_86' title='bbox 131 852 188 903; x_wconf 87' lang='lat' dir='ltr'><strong>dunt</strong></span> <span class='ocrx_word' id='word_1_87' title='bbox 200 863 252 902; x_wconf 87' lang='lat' dir='ltr'><strong>esse</strong></span> <span class='ocrx_word' id='word_1_88' title='bbox 269 852 383 901; x_wconf 76' lang='lat' dir='ltr'><strong>(immunes</strong></span> <span class='ocrx_word' id='word_1_89' title='bbox 395 849 440 898; x_wconf 89' lang='lat' dir='ltr'><strong>nisi</strong></span> <span class='ocrx_word' id='word_1_90' title='bbox 453 847 638 898; x_wconf 71' lang='lat' dir='ltr'><strong>inestimatione</strong></span> <span class='ocrx_word' id='word_1_91' title='bbox 650 847 712 909; x_wconf 75' lang='lat' dir='ltr'><strong>uulgi</strong></span> <span class='ocrx_word' id='word_1_92' title='bbox 726 848 827 911; x_wconf 78' lang='lat' dir='ltr'><strong>tantum,</strong></span> <span class='ocrx_word' id='word_1_93' title='bbox 843 853 867 900; x_wconf 89' lang='lat' dir='ltr'><strong>ut</strong></span> <span class='ocrx_word' id='word_1_94' title='bbox 878 855 935 902; x_wconf 87' lang='lat' dir='ltr'><strong>ter-</strong></span> 
     </span>
     <span class='ocr_line' id='line_1_12' title="bbox 131 918 934 986; baseline 0.004 -16"><span class='ocrx_word' id='word_1_95' title='bbox 131 935 196 972; x_wconf 88' lang='lat' dir='ltr'><strong>rores</strong></span> <span class='ocrx_word' id='word_1_96' title='bbox 210 935 268 986; x_wconf 89' lang='lat' dir='ltr'><strong>ques</strong></span> <span class='ocrx_word' id='word_1_97' title='bbox 280 923 349 972; x_wconf 84' lang='lat' dir='ltr'><strong>lromo</strong></span> <span class='ocrx_word' id='word_1_98' title='bbox 363 921 407 970; x_wconf 87' lang='lat' dir='ltr'><strong>siti</strong></span> <span class='ocrx_word' id='word_1_99' title='bbox 420 919 470 984; x_wconf 91' lang='lat' dir='ltr'><strong>ipse</strong></span> <span class='ocrx_word' id='word_1_100' title='bbox 483 918 551 981; x_wconf 78' lang='lat' dir='ltr'><strong>iacit,</strong></span> <span class='ocrx_word' id='word_1_101' title='bbox 566 931 595 968; x_wconf 85' lang='lat' dir='ltr'><strong>ex</strong></span> <span class='ocrx_word' id='word_1_102' title='bbox 612 930 653 968; x_wconf 91' lang='lat' dir='ltr'><strong>sna</strong></span> <span class='ocrx_word' id='word_1_103' title='bbox 667 919 815 970; x_wconf 86' lang='lat' dir='ltr'><strong>aestimatione</strong></span> <span class='ocrx_word' id='word_1_104' title='bbox 832 921 934 985; x_wconf 83' lang='lat' dir='ltr'><strong>imputet</strong></span> 
     </span>
     <span class='ocr_line' id='line_1_13' title="bbox 131 987 932 1056; baseline -0.001 -12"><span class='ocrx_word' id='word_1_105' title='bbox 131 994 278 1055; x_wconf 77' lang='lat' dir='ltr'><strong>demeni3et</strong></span> <span class='ocrx_word' id='word_1_106' title='bbox 298 991 438 1056; x_wconf 79' lang='lat' dir='ltr'><strong>quinetiam</strong></span> <span class='ocrx_word' id='word_1_107' title='bbox 460 1003 488 1040; x_wconf 81' lang='lat' dir='ltr'><strong>en</strong></span> <span class='ocrx_word' id='word_1_108' title='bbox 511 987 673 1052; x_wconf 76' lang='lat' dir='ltr'><strong>imaginatione</strong></span> <span class='ocrx_word' id='word_1_109' title='bbox 696 990 825 1040; x_wconf 80' lang='lat' dir='ltr'><strong>vehementi</strong></span> <span class='ocrx_word' id='word_1_110' title='bbox 847 993 932 1055; x_wconf 81' lang='lat' dir='ltr'><strong>aliquan</strong></span> 
     </span>
     <span class='ocr_line' id='line_1_14' title="bbox 130 1059 934 1128; baseline 0.002 -16"><span class='ocrx_word' id='word_1_111' title='bbox 130 1063 207 1128; x_wconf 81' lang='lat' dir='ltr'><strong>flgurae</strong></span> <span class='ocrx_word' id='word_1_112' title='bbox 224 1068 332 1128; x_wconf 88' lang='lat' dir='ltr'><strong>apparent</strong></span> <span class='ocrx_word' id='word_1_113' title='bbox 349 1062 372 1112; x_wconf 92' lang='lat' dir='ltr'><strong>in</strong></span> <span class='ocrx_word' id='word_1_114' title='bbox 393 1073 461 1111; x_wconf 87' lang='lat' dir='ltr'><strong>sensu</strong></span> <span class='ocrx_word' id='word_1_115' title='bbox 478 1060 534 1110; x_wconf 88' lang='lat' dir='ltr'><strong>tales</strong></span> <span class='ocrx_word' id='word_1_116' title='bbox 546 1059 627 1122; x_wconf 84' lang='lat' dir='ltr'><strong>quales</strong></span> <span class='ocrx_word' id='word_1_117' title='bbox 640 1060 708 1110; x_wconf 84' lang='lat' dir='ltr'><strong>torno</strong></span> <span class='ocrx_word' id='word_1_118' title='bbox 721 1060 818 1123; x_wconf 74' lang='lat' dir='ltr'><strong>rogitat,</strong></span> <span class='ocrx_word' id='word_1_119' title='bbox 831 1067 856 1113; x_wconf 89' lang='lat' dir='ltr'><strong>et</strong></span> <span class='ocrx_word' id='word_1_120' title='bbox 873 1067 934 1114; x_wconf 85' lang='lat' dir='ltr'><strong>tune</strong></span> 
     </span>
     <span class='ocr_line' id='line_1_15' title="bbox 130 1129 933 1198; baseline -0.002 -12"><span class='ocrx_word' id='word_1_121' title='bbox 130 1137 252 1186; x_wconf 84' lang='lat' dir='ltr'><strong>creduntur</strong></span> <span class='ocrx_word' id='word_1_122' title='bbox 262 1135 377 1185; x_wconf 79' lang='lat' dir='ltr'><strong>namanes</strong></span> <span class='ocrx_word' id='word_1_123' title='bbox 390 1131 474 1182; x_wconf 80' lang='lat' dir='ltr'><strong>rideri.</strong></span> <span class='ocrx_word' id='word_1_124' title='bbox 489 1129 534 1180; x_wconf 83' lang='lat' dir='ltr'><strong>Sed</strong></span> <span class='ocrx_word' id='word_1_125' title='bbox 551 1133 601 1180; x_wconf 78' lang='lat' dir='ltr'><strong>lere</strong></span> <span class='ocrx_word' id='word_1_126' title='bbox 616 1143 667 1180; x_wconf 83' lang='lat' dir='ltr'><strong>vera</strong></span> <span class='ocrx_word' id='word_1_127' title='bbox 684 1130 740 1181; x_wconf 89' lang='lat' dir='ltr'><strong>[ides</strong></span> <span class='ocrx_word' id='word_1_128' title='bbox 754 1133 872 1197; x_wconf 89' lang='lat' dir='ltr'><strong>repudiat,</strong></span> <span class='ocrx_word' id='word_1_129' title='bbox 887 1147 933 1198; x_wconf 90' lang='lat' dir='ltr'><strong>per</strong></span> 
     </span>
     <span class='ocr_line' id='line_1_16' title="bbox 130 1201 931 1272; baseline -0.001 -15"><span class='ocrx_word' id='word_1_130' title='bbox 130 1219 198 1272; x_wconf 86' lang='lat' dir='ltr'><strong>quam</strong></span> <span class='ocrx_word' id='word_1_131' title='bbox 218 1207 310 1271; x_wconf 79' lang='lat' dir='ltr'><strong>angelus</strong></span> <span class='ocrx_word' id='word_1_132' title='bbox 326 1206 354 1254; x_wconf 89' lang='lat' dir='ltr'><strong>de</strong></span> <span class='ocrx_word' id='word_1_133' title='bbox 368 1204 427 1254; x_wconf 86' lang='lat' dir='ltr'><strong>eoelo</strong></span> <span class='ocrx_word' id='word_1_134' title='bbox 441 1201 549 1252; x_wconf 84' lang='lat' dir='ltr'><strong>cecidisse</strong></span> <span class='ocrx_word' id='word_1_135' title='bbox 567 1201 720 1252; x_wconf 68' lang='lat' dir='ltr'><strong>eudemones</strong></span> <span class='ocrx_word' id='word_1_136' title='bbox 735 1213 785 1253; x_wconf 86' lang='lat' dir='ltr'><strong>osse</strong></span> <span class='ocrx_word' id='word_1_137' title='bbox 799 1206 931 1269; x_wconf 88' lang='lat' dir='ltr'><strong>eredimus,</strong></span> 
     </span>
     <span class='ocr_line' id='line_1_17' title="bbox 129 1275 931 1340; baseline -0.001 -11"><span class='ocrx_word' id='word_1_138' title='bbox 129 1283 153 1330; x_wconf 87' lang='lat' dir='ltr'><strong>et</strong></span> <span class='ocrx_word' id='word_1_139' title='bbox 167 1291 196 1328; x_wconf 84' lang='lat' dir='ltr'><strong>ex</strong></span> <span class='ocrx_word' id='word_1_140' title='bbox 214 1277 340 1328; x_wconf 80' lang='lat' dir='ltr'><strong>subtilitate</strong></span> <span class='ocrx_word' id='word_1_141' title='bbox 354 1288 401 1327; x_wconf 83' lang='lat' dir='ltr'><strong>ene</strong></span> <span class='ocrx_word' id='word_1_142' title='bbox 415 1278 501 1326; x_wconf 78' lang='lat' dir='ltr'><strong>nature</strong></span> <span class='ocrx_word' id='word_1_143' title='bbox 515 1275 584 1324; x_wconf 88' lang='lat' dir='ltr'><strong>multa</strong></span> <span class='ocrx_word' id='word_1_144' title='bbox 593 1285 660 1336; x_wconf 87' lang='lat' dir='ltr'><strong>posse</strong></span> <span class='ocrx_word' id='word_1_145' title='bbox 671 1287 721 1337; x_wconf 78' lang='lat' dir='ltr'><strong>que</strong></span> <span class='ocrx_word' id='word_1_146' title='bbox 736 1287 777 1326; x_wconf 88' lang='lat' dir='ltr'><strong>nos</strong></span> <span class='ocrx_word' id='word_1_147' title='bbox 791 1289 836 1326; x_wconf 92' lang='lat' dir='ltr'><strong>nen</strong></span> <span class='ocrx_word' id='word_1_148' title='bbox 846 1289 931 1340; x_wconf 66' lang='lat' dir='ltr'><strong>pomu-</strong></span> 
     </span>
     <span class='ocr_line' id='line_1_18' title="bbox 129 1344 932 1409; baseline 0.001 -11"><span class='ocrx_word' id='word_1_149' title='bbox 129 1363 189 1399; x_wconf 90' lang='lat' dir='ltr'><strong>mns.</strong></span> <span class='ocrx_word' id='word_1_150' title='bbox 204 1351 234 1400; x_wconf 80' lang='lat' dir='ltr'><strong>tet</strong></span> <span class='ocrx_word' id='word_1_151' title='bbox 245 1348 279 1398; x_wconf 89' lang='lat' dir='ltr'><strong>illi</strong></span> <span class='ocrx_word' id='word_1_152' title='bbox 294 1347 335 1407; x_wconf 77' lang='lat' dir='ltr'><strong>uni</strong></span> <span class='ocrx_word' id='word_1_153' title='bbox 349 1357 389 1396; x_wconf 87' lang='lat' dir='ltr'><strong>eos</strong></span> <span class='ocrx_word' id='word_1_154' title='bbox 401 1345 429 1395; x_wconf 90' lang='lat' dir='ltr'><strong>ad</strong></span> <span class='ocrx_word' id='word_1_155' title='bbox 446 1344 501 1394; x_wconf 92' lang='lat' dir='ltr'><strong>talia</strong></span> <span class='ocrx_word' id='word_1_156' title='bbox 514 1344 616 1402; x_wconf 83' lang='lat' dir='ltr'><strong>lenienda</strong></span> <span class='ocrx_word' id='word_1_157' title='bbox 629 1345 739 1396; x_wconf 87' lang='lat' dir='ltr'><strong>inducunt</strong></span> <span class='ocrx_word' id='word_1_158' title='bbox 747 1383 754 1409; x_wconf 93' lang='lat'><strong>,</strong></span> <span class='ocrx_word' id='word_1_159' title='bbox 770 1347 864 1398; x_wconf 86' lang='lat' dir='ltr'><strong>maletlci</strong></span> <span class='ocrx_word' id='word_1_160' title='bbox 881 1363 932 1400; x_wconf 86' lang='lat' dir='ltr'><strong>ro-</strong></span> 
     </span>
     <span class='ocr_line' id='line_1_19' title="bbox 129 1413 931 1489; baseline -0.001 -18"><span class='ocrx_word' id='word_1_161' title='bbox 129 1425 217 1471; x_wconf 83' lang='lat' dir='ltr'><strong>tantur.</strong></span> <span class='ocrx_word' id='word_1_162' title='bbox 233 1422 262 1470; x_wconf 85' lang='lat' dir='ltr'><strong>Et</strong></span> <span class='ocrx_word' id='word_1_163' title='bbox 276 1419 327 1468; x_wconf 90' lang='lat' dir='ltr'><strong>ideo</strong></span> <span class='ocrx_word' id='word_1_164' title='bbox 346 1417 385 1467; x_wconf 92' lang='lat' dir='ltr'><strong>alil</strong></span> <span class='ocrx_word' id='word_1_165' title='bbox 398 1417 505 1466; x_wconf 81' lang='lat' dir='ltr'><strong>dixerunt</strong></span> <span class='ocrx_word' id='word_1_166' title='bbox 518 1413 579 1478; x_wconf 81' lang='lat' dir='ltr'><strong>quod</strong></span> <span class='ocrx_word' id='word_1_167' title='bbox 594 1429 635 1480; x_wconf 87' lang='lat' dir='ltr'><strong>per</strong></span> <span class='ocrx_word' id='word_1_168' title='bbox 651 1417 761 1467; x_wconf 84' lang='lat' dir='ltr'><strong>maleileia</strong></span> <span class='ocrx_word' id='word_1_169' title='bbox 774 1420 875 1483; x_wconf 83' lang='lat' dir='ltr'><strong>praestari</strong></span> <span class='ocrx_word' id='word_1_170' title='bbox 885 1435 931 1489; x_wconf 91' lang='lat' dir='ltr'><strong>po-</strong></span> 
     </span>
     <span class='ocr_line' id='line_1_20' title="bbox 127 1486 929 1556; baseline 0.002 -16"><span class='ocrx_word' id='word_1_171' title='bbox 127 1496 174 1542; x_wconf 84' lang='lat' dir='ltr'><strong>test</strong></span> <span class='ocrx_word' id='word_1_172' title='bbox 187 1490 373 1554; x_wconf 86' lang='lat' dir='ltr'><strong>impedimentum</strong></span> <span class='ocrx_word' id='word_1_173' title='bbox 389 1486 473 1536; x_wconf 81' lang='lat' dir='ltr'><strong>carnali</strong></span> <span class='ocrx_word' id='word_1_174' title='bbox 492 1486 595 1549; x_wconf 80' lang='lat' dir='ltr'><strong>eopulo3</strong></span> <span class='ocrx_word' id='word_1_175' title='bbox 610 1488 650 1536; x_wconf 90' lang='lat' dir='ltr'><strong>sed</strong></span> <span class='ocrx_word' id='word_1_176' title='bbox 665 1487 750 1538; x_wconf 90' lang='lat' dir='ltr'><strong>nultum</strong></span> <span class='ocrx_word' id='word_1_177' title='bbox 765 1491 810 1540; x_wconf 86' lang='lat' dir='ltr'><strong>tale</strong></span> <span class='ocrx_word' id='word_1_178' title='bbox 822 1494 857 1540; x_wconf 88' lang='lat' dir='ltr'><strong>est</strong></span> <span class='ocrx_word' id='word_1_179' title='bbox 872 1505 929 1556; x_wconf 88' lang='lat' dir='ltr'><strong>per-</strong></span> 
     </span>
     <span class='ocr_line' id='line_1_21' title="bbox 129 1557 931 1626; baseline 0.005 -15"><span class='ocrx_word' id='word_1_180' title='bbox 129 1567 222 1626; x_wconf 90' lang='lat' dir='ltr'><strong>petuum</strong></span> <span class='ocrx_word' id='word_1_181' title='bbox 231 1598 237 1623; x_wconf 89' lang='lat'><strong>,</strong></span> <span class='ocrx_word' id='word_1_182' title='bbox 245 1560 305 1610; x_wconf 90' lang='lat' dir='ltr'><strong>unde</strong></span> <span class='ocrx_word' id='word_1_183' title='bbox 317 1569 362 1609; x_wconf 89' lang='lat' dir='ltr'><strong>non</strong></span> <span class='ocrx_word' id='word_1_184' title='bbox 373 1557 458 1608; x_wconf 90' lang='lat' dir='ltr'><strong>dirimit</strong></span> <span class='ocrx_word' id='word_1_185' title='bbox 471 1557 639 1607; x_wconf 86' lang='lat' dir='ltr'><strong>matrimonium</strong></span> <span class='ocrx_word' id='word_1_186' title='bbox 653 1564 806 1623; x_wconf 84' lang='lat' dir='ltr'><strong>eontrarium,</strong></span> <span class='ocrx_word' id='word_1_187' title='bbox 817 1564 839 1610; x_wconf 91' lang='lat' dir='ltr'><strong>et</strong></span> <span class='ocrx_word' id='word_1_188' title='bbox 847 1562 931 1615; x_wconf 86' lang='lat' dir='ltr'><strong>dieunt</strong></span> 
     </span>
     <span class='ocr_line' id='line_1_22' title="bbox 125 1629 929 1699; baseline 0.007 -17"><span class='ocrx_word' id='word_1_189' title='bbox 125 1635 177 1697; x_wconf 87' lang='lat' dir='ltr'><strong>jura</strong></span> <span class='ocrx_word' id='word_1_190' title='bbox 195 1643 247 1698; x_wconf 81' lang='lat' dir='ltr'><strong>quae</strong></span> <span class='ocrx_word' id='word_1_191' title='bbox 269 1633 315 1682; x_wconf 83' lang='lat' dir='ltr'><strong>lroo</strong></span> <span class='ocrx_word' id='word_1_192' title='bbox 334 1629 455 1688; x_wconf 85' lang='lat' dir='ltr'><strong>dioelrant,</strong></span> <span class='ocrx_word' id='word_1_193' title='bbox 471 1641 522 1680; x_wconf 87' lang='lat' dir='ltr'><strong>esse</strong></span> <span class='ocrx_word' id='word_1_194' title='bbox 536 1633 650 1699; x_wconf 68' lang='lat' dir='ltr'><strong>rovorata.</strong></span> <span class='ocrx_word' id='word_1_195' title='bbox 669 1630 712 1681; x_wconf 87' lang='lat' dir='ltr'><strong>Sed</strong></span> <span class='ocrx_word' id='word_1_196' title='bbox 731 1631 775 1681; x_wconf 84' lang='lat' dir='ltr'><strong>loe</strong></span> <span class='ocrx_word' id='word_1_197' title='bbox 795 1635 830 1682; x_wconf 87' lang='lat' dir='ltr'><strong>est</strong></span> <span class='ocrx_word' id='word_1_198' title='bbox 847 1638 929 1688; x_wconf 85' lang='lat' dir='ltr'><strong>eontra</strong></span> 
     </span>
     <span class='ocr_line' id='line_1_23' title="bbox 128 1699 926 1768; baseline 0.005 -14"><span class='ocrx_word' id='word_1_199' title='bbox 128 1705 320 1768; x_wconf 81' lang='lat' dir='ltr'><strong>experimentum,</strong></span> <span class='ocrx_word' id='word_1_200' title='bbox 331 1707 354 1752; x_wconf 91' lang='lat' dir='ltr'><strong>et</strong></span> <span class='ocrx_word' id='word_1_201' title='bbox 367 1705 445 1751; x_wconf 85' lang='lat' dir='ltr'><strong>eontra</strong></span> <span class='ocrx_word' id='word_1_202' title='bbox 456 1699 645 1764; x_wconf 71' lang='lat' dir='ltr'><strong>armaturaque</strong></span> <span class='ocrx_word' id='word_1_203' title='bbox 659 1713 710 1751; x_wconf 87' lang='lat' dir='ltr'><strong>num</strong></span> <span class='ocrx_word' id='word_1_204' title='bbox 719 1702 818 1766; x_wconf 78' lang='lat' dir='ltr'><strong>antiquis</strong></span> <span class='ocrx_word' id='word_1_205' title='bbox 831 1716 926 1757; x_wconf 85' lang='lat' dir='ltr'><strong>coneor-</strong></span> 
     </span>
     <span class='ocr_line' id='line_1_24' title="bbox 128 1771 927 1836; baseline 0.004 -12"><span class='ocrx_word' id='word_1_206' title='bbox 128 1775 189 1824; x_wconf 89' lang='lat' dir='ltr'><strong>dant.</strong></span> <span class='ocrx_word' id='word_1_207' title='bbox 205 1774 234 1823; x_wconf 83' lang='lat' dir='ltr'><strong>lit</strong></span> <span class='ocrx_word' id='word_1_208' title='bbox 245 1773 297 1824; x_wconf 88' lang='lat' dir='ltr'><strong>ideo</strong></span> <span class='ocrx_word' id='word_1_209' title='bbox 313 1771 497 1835; x_wconf 78' lang='lat' dir='ltr'><strong>distinguendum</strong></span> <span class='ocrx_word' id='word_1_210' title='bbox 506 1777 558 1835; x_wconf 89' lang='lat' dir='ltr'><strong>est,</strong></span> <span class='ocrx_word' id='word_1_211' title='bbox 570 1771 623 1835; x_wconf 84' lang='lat' dir='ltr'><strong>quie</strong></span> <span class='ocrx_word' id='word_1_212' title='bbox 639 1771 769 1836; x_wconf 86' lang='lat' dir='ltr'><strong>impotentia</strong></span> <span class='ocrx_word' id='word_1_213' title='bbox 783 1776 880 1826; x_wconf 79' lang='lat' dir='ltr'><strong>coeundi</strong></span> <span class='ocrx_word' id='word_1_214' title='bbox 894 1790 927 1828; x_wconf 84' lang='lat' dir='ltr'><strong>ex</strong></span> 
     </span>
     <span class='ocr_line' id='line_1_25' title="bbox 128 1842 929 1907; baseline 0.01 -15"><span class='ocrx_word' id='word_1_215' title='bbox 128 1842 239 1892; x_wconf 81' lang='lat' dir='ltr'><strong>maleficio</strong></span> <span class='ocrx_word' id='word_1_216' title='bbox 252 1847 292 1892; x_wconf 87' lang='lat' dir='ltr'><strong>ant</strong></span> <span class='ocrx_word' id='word_1_217' title='bbox 308 1846 345 1893; x_wconf 86' lang='lat' dir='ltr'><strong>est</strong></span> <span class='ocrx_word' id='word_1_218' title='bbox 355 1845 478 1907; x_wconf 90' lang='lat' dir='ltr'><strong>perpetua,</strong></span> <span class='ocrx_word' id='word_1_219' title='bbox 490 1843 514 1891; x_wconf 89' lang='lat' dir='ltr'><strong>et</strong></span> <span class='ocrx_word' id='word_1_220' title='bbox 530 1845 584 1892; x_wconf 90' lang='lat' dir='ltr'><strong>tune</strong></span> <span class='ocrx_word' id='word_1_221' title='bbox 596 1843 763 1893; x_wconf 88' lang='lat' dir='ltr'><strong>matrimonium</strong></span> <span class='ocrx_word' id='word_1_222' title='bbox 774 1844 872 1907; x_wconf 72' lang='lat' dir='ltr'><strong>dirimit,</strong></span> <span class='ocrx_word' id='word_1_223' title='bbox 886 1855 929 1900; x_wconf 88' lang='lat' dir='ltr'><strong>aut</strong></span> 
     </span>
     <span class='ocr_line' id='line_1_26' title="bbox 127 1911 928 1980; baseline 0.01 -18"><span class='ocrx_word' id='word_1_224' title='bbox 127 1915 219 1964; x_wconf 88' lang='lat' dir='ltr'><strong>nonest</strong></span> <span class='ocrx_word' id='word_1_225' title='bbox 235 1917 362 1977; x_wconf 86' lang='lat' dir='ltr'><strong>perpetua,</strong></span> <span class='ocrx_word' id='word_1_226' title='bbox 376 1917 398 1962; x_wconf 88' lang='lat' dir='ltr'><strong>et</strong></span> <span class='ocrx_word' id='word_1_227' title='bbox 411 1917 467 1960; x_wconf 87' lang='lat' dir='ltr'><strong>tune</strong></span> <span class='ocrx_word' id='word_1_228' title='bbox 481 1923 528 1961; x_wconf 87' lang='lat' dir='ltr'><strong>nen</strong></span> <span class='ocrx_word' id='word_1_229' title='bbox 541 1911 632 1963; x_wconf 87' lang='lat' dir='ltr'><strong>dirimit.</strong></span> <span class='ocrx_word' id='word_1_230' title='bbox 655 1913 681 1962; x_wconf 81' lang='lat' dir='ltr'><strong>lit</strong></span> <span class='ocrx_word' id='word_1_231' title='bbox 695 1914 724 1964; x_wconf 87' lang='lat' dir='ltr'><strong>ad</strong></span> <span class='ocrx_word' id='word_1_232' title='bbox 742 1916 786 1965; x_wconf 87' lang='lat' dir='ltr'><strong>lroe</strong></span> <span class='ocrx_word' id='word_1_233' title='bbox 805 1917 928 1980; x_wconf 79' lang='lat' dir='ltr'><strong>experien-</strong></span> 
     </span>
     <span class='ocr_line' id='line_1_27' title="bbox 126 1980 929 2049; baseline 0.007 -15"><span class='ocrx_word' id='word_1_234' title='bbox 126 1986 197 2046; x_wconf 90' lang='lat' dir='ltr'><strong>dum,</strong></span> <span class='ocrx_word' id='word_1_235' title='bbox 212 1983 291 2032; x_wconf 85' lang='lat' dir='ltr'><strong>eudem</strong></span> <span class='ocrx_word' id='word_1_236' title='bbox 310 1983 377 2032; x_wconf 90' lang='lat' dir='ltr'><strong>modu</strong></span> <span class='ocrx_word' id='word_1_237' title='bbox 390 1980 490 2031; x_wconf 78' lang='lat' dir='ltr'><strong>eucrasis</strong></span> <span class='ocrx_word' id='word_1_238' title='bbox 505 1985 595 2046; x_wconf 89' lang='lat' dir='ltr'><strong>tempus</strong></span> <span class='ocrx_word' id='word_1_239' title='bbox 604 1981 698 2034; x_wconf 84' lang='lat' dir='ltr'><strong>triennii</strong></span> <span class='ocrx_word' id='word_1_240' title='bbox 710 1985 820 2049; x_wconf 76' lang='lat' dir='ltr'><strong>prefixit,</strong></span> <span class='ocrx_word' id='word_1_241' title='bbox 831 1988 890 2038; x_wconf 86' lang='lat' dir='ltr'><strong>sicut</strong></span> <span class='ocrx_word' id='word_1_242' title='bbox 900 1996 929 2044; x_wconf 88' lang='lat' dir='ltr'><strong>et</strong></span> 
     </span>
     <span class='ocr_line' id='line_1_28' title="bbox 127 2053 928 2118; baseline 0.009 -13"><span class='ocrx_word' id='word_1_243' title='bbox 127 2055 155 2105; x_wconf 87' lang='lat' dir='ltr'><strong>de</strong></span> <span class='ocrx_word' id='word_1_244' title='bbox 177 2053 299 2118; x_wconf 74' lang='lat' dir='ltr'><strong>frigiditate</strong></span> <span class='ocrx_word' id='word_1_245' title='bbox 320 2054 407 2103; x_wconf 88' lang='lat' dir='ltr'><strong>dietum</strong></span> <span class='ocrx_word' id='word_1_246' title='bbox 428 2056 472 2104; x_wconf 87' lang='lat' dir='ltr'><strong>est.</strong></span> <span class='ocrx_word' id='word_1_247' title='bbox 494 2053 579 2102; x_wconf 79' lang='lat' dir='ltr'><strong>Tamen</strong></span> <span class='ocrx_word' id='word_1_248' title='bbox 599 2055 648 2105; x_wconf 75' lang='lat' dir='ltr'><strong>true</strong></span> <span class='ocrx_word' id='word_1_249' title='bbox 664 2055 791 2108; x_wconf 80' lang='lat' dir='ltr'><strong>differentia</strong></span> <span class='ocrx_word' id='word_1_250' title='bbox 811 2063 847 2108; x_wconf 89' lang='lat' dir='ltr'><strong>est</strong></span> <span class='ocrx_word' id='word_1_251' title='bbox 865 2060 928 2112; x_wconf 91' lang='lat' dir='ltr'><strong>inter</strong></span> 
     </span>
    </p>
   </div>
   <div class='ocr_carea' id='block_1_3' title="bbox 126 2124 1012 2264">
    <p class='ocr_par' dir='ltr' id='par_1_3' title="bbox 126 2124 1012 2264">
     <span class='ocr_line' id='line_1_29' title="bbox 127 2124 1012 2196; baseline 0.01 -21"><span class='ocrx_word' id='word_1_252' title='bbox 127 2125 261 2177; x_wconf 84' lang='lat' dir='ltr'><strong>maleficium</strong></span> <span class='ocrx_word' id='word_1_253' title='bbox 270 2128 294 2175; x_wconf 88' lang='lat' dir='ltr'><strong>st</strong></span> <span class='ocrx_word' id='word_1_254' title='bbox 301 2124 465 2189; x_wconf 74' lang='lat' dir='ltr'><strong>frigiditatem,</strong></span> <span class='ocrx_word' id='word_1_255' title='bbox 478 2125 531 2188; x_wconf 85' lang='lat' dir='ltr'><strong>quia</strong></span> <span class='ocrx_word' id='word_1_256' title='bbox 541 2125 581 2189; x_wconf 89' lang='lat' dir='ltr'><strong>qui</strong></span> <span class='ocrx_word' id='word_1_257' title='bbox 592 2138 620 2176; x_wconf 81' lang='lat' dir='ltr'><strong>ex</strong></span> <span class='ocrx_word' id='word_1_258' title='bbox 628 2126 751 2188; x_wconf 73' lang='lat' dir='ltr'><strong>frigiditate</strong></span> <span class='ocrx_word' id='word_1_259' title='bbox 758 2129 926 2196; x_wconf 90' lang='lat' dir='ltr'><strong>estimpotens,</strong></span> <span class='ocrx_word' id='word_1_260' title='bbox 1011 2131 1012 2184; x_wconf 74' lang='grc' dir='ltr'>ζ</span> 
     </span>
     <span class='ocr_line' id='line_1_30' title="bbox 126 2195 1012 2264; baseline 0.01 -16"><span class='ocrx_word' id='word_1_261' title='bbox 126 2198 187 2248; x_wconf 87' lang='lat' dir='ltr'><strong>sient</strong></span> <span class='ocrx_word' id='word_1_262' title='bbox 202 2199 237 2248; x_wconf 89' lang='lat' dir='ltr'><strong>est</strong></span> <span class='ocrx_word' id='word_1_263' title='bbox 253 2195 366 2261; x_wconf 84' lang='lat' dir='ltr'><strong>impotens</strong></span> <span class='ocrx_word' id='word_1_264' title='bbox 384 2196 412 2246; x_wconf 93' lang='lat' dir='ltr'><strong>ad</strong></span> <span class='ocrx_word' id='word_1_265' title='bbox 430 2207 514 2258; x_wconf 87' lang='lat' dir='ltr'><strong>unam,</strong></span> <span class='ocrx_word' id='word_1_266' title='bbox 526 2197 557 2246; x_wconf 90' lang='lat' dir='ltr'><strong>ita</strong></span> <span class='ocrx_word' id='word_1_267' title='bbox 571 2198 599 2247; x_wconf 91' lang='lat' dir='ltr'><strong>ad</strong></span> <span class='ocrx_word' id='word_1_268' title='bbox 617 2197 700 2261; x_wconf 80' lang='lat' dir='ltr'><strong>aliem3</strong></span> <span class='ocrx_word' id='word_1_269' title='bbox 715 2203 739 2248; x_wconf 90' lang='lat' dir='ltr'><strong>et</strong></span> <span class='ocrx_word' id='word_1_270' title='bbox 754 2199 926 2264; x_wconf 86' lang='lat' dir='ltr'><strong>idee,r1uandu</strong></span> <span class='ocrx_word' id='word_1_271' title='bbox 1011 2211 1012 2218; x_wconf 76' lang='grc'>’</span> 
     </span>
    </p>
   </div>
   <div class='ocr_carea' id='block_1_4' title="bbox 122 2267 927 2909">
    <p class='ocr_par' dir='ltr' id='par_1_4' title="bbox 124 2267 927 2616">
     <span class='ocr_line' id='line_1_31' title="bbox 125 2267 927 2336; baseline 0.009 -18"><span class='ocrx_word' id='word_1_272' title='bbox 125 2269 294 2320; x_wconf 85' lang='lat' dir='ltr'><strong>matrimonium</strong></span> <span class='ocrx_word' id='word_1_273' title='bbox 305 2267 429 2331; x_wconf 72' lang='lat' dir='ltr'><strong>dirimitur,</strong></span> <span class='ocrx_word' id='word_1_274' title='bbox 447 2281 494 2318; x_wconf 92' lang='lat' dir='ltr'><strong>nun</strong></span> <span class='ocrx_word' id='word_1_275' title='bbox 504 2269 572 2318; x_wconf 86' lang='lat' dir='ltr'><strong>dator</strong></span> <span class='ocrx_word' id='word_1_276' title='bbox 587 2268 678 2320; x_wconf 86' lang='lat' dir='ltr'><strong>lieentia</strong></span> <span class='ocrx_word' id='word_1_277' title='bbox 694 2270 716 2320; x_wconf 89' lang='lat' dir='ltr'><strong>ei</strong></span> <span class='ocrx_word' id='word_1_278' title='bbox 734 2275 760 2319; x_wconf 92' lang='lat' dir='ltr'><strong>nt</strong></span> <span class='ocrx_word' id='word_1_279' title='bbox 772 2272 927 2336; x_wconf 70' lang='lat' dir='ltr'><strong>coniungatur</strong></span> 
     </span>
     <span class='ocr_line' id='line_1_32' title="bbox 126 2338 924 2408; baseline 0.01 -20"><span class='ocrx_word' id='word_1_280' title='bbox 126 2339 204 2405; x_wconf 84' lang='lat' dir='ltr'><strong>alteri3</strong></span> <span class='ocrx_word' id='word_1_281' title='bbox 219 2341 258 2390; x_wconf 90' lang='lat' dir='ltr'><strong>sed</strong></span> <span class='ocrx_word' id='word_1_282' title='bbox 274 2353 303 2390; x_wconf 86' lang='lat' dir='ltr'><strong>ex</strong></span> <span class='ocrx_word' id='word_1_283' title='bbox 318 2338 428 2390; x_wconf 81' lang='lat' dir='ltr'><strong>maleficio</strong></span> <span class='ocrx_word' id='word_1_284' title='bbox 442 2340 511 2390; x_wconf 86' lang='lat' dir='ltr'><strong>homo</strong></span> <span class='ocrx_word' id='word_1_285' title='bbox 524 2344 600 2404; x_wconf 89' lang='lat' dir='ltr'><strong>potest</strong></span> <span class='ocrx_word' id='word_1_286' title='bbox 613 2351 665 2391; x_wconf 82' lang='lat' dir='ltr'><strong>esee</strong></span> <span class='ocrx_word' id='word_1_287' title='bbox 679 2341 828 2406; x_wconf 86' lang='lat' dir='ltr'><strong>impotenead</strong></span> <span class='ocrx_word' id='word_1_288' title='bbox 843 2357 924 2408; x_wconf 84' lang='lat' dir='ltr'><strong>unam,</strong></span> 
     </span>
     <span class='ocr_line' id='line_1_33' title="bbox 125 2410 926 2474; baseline 0.009 -15"><span class='ocrx_word' id='word_1_289' title='bbox 125 2412 149 2459; x_wconf 87' lang='lat' dir='ltr'><strong>st</strong></span> <span class='ocrx_word' id='word_1_290' title='bbox 167 2421 212 2462; x_wconf 89' lang='lat' dir='ltr'><strong>non</strong></span> <span class='ocrx_word' id='word_1_291' title='bbox 227 2413 253 2461; x_wconf 92' lang='lat' dir='ltr'><strong>ad</strong></span> <span class='ocrx_word' id='word_1_292' title='bbox 271 2411 354 2474; x_wconf 82' lang='lat' dir='ltr'><strong>allam3</strong></span> <span class='ocrx_word' id='word_1_293' title='bbox 369 2414 392 2461; x_wconf 86' lang='lat' dir='ltr'><strong>et</strong></span> <span class='ocrx_word' id='word_1_294' title='bbox 406 2410 473 2472; x_wconf 84' lang='lat' dir='ltr'><strong>ideo,</strong></span> <span class='ocrx_word' id='word_1_295' title='bbox 488 2413 578 2474; x_wconf 88' lang='lat' dir='ltr'><strong>quando</strong></span> <span class='ocrx_word' id='word_1_296' title='bbox 589 2411 677 2473; x_wconf 81' lang='lat' dir='ltr'><strong>judicio</strong></span> <span class='ocrx_word' id='word_1_297' title='bbox 691 2414 795 2464; x_wconf 79' lang='lat' dir='ltr'><strong>eeclesia</strong></span> <span class='ocrx_word' id='word_1_298' title='bbox 809 2415 926 2466; x_wconf 81' lang='lat' dir='ltr'><strong>matrimo-</strong></span> 
     </span>
     <span class='ocr_line' id='line_1_34' title="bbox 124 2482 924 2550; baseline 0.008 -18"><span class='ocrx_word' id='word_1_299' title='bbox 124 2483 186 2533; x_wconf 88' lang='lat' dir='ltr'><strong>nium</strong></span> <span class='ocrx_word' id='word_1_300' title='bbox 208 2484 336 2547; x_wconf 89' lang='lat' dir='ltr'><strong>dirimitur,</strong></span> <span class='ocrx_word' id='word_1_301' title='bbox 356 2483 447 2546; x_wconf 85' lang='lat' dir='ltr'><strong>ntrique</strong></span> <span class='ocrx_word' id='word_1_302' title='bbox 465 2483 531 2533; x_wconf 89' lang='lat' dir='ltr'><strong>datur</strong></span> <span class='ocrx_word' id='word_1_303' title='bbox 549 2482 641 2534; x_wconf 84' lang='lat' dir='ltr'><strong>liuentia</strong></span> <span class='ocrx_word' id='word_1_304' title='bbox 662 2487 689 2534; x_wconf 90' lang='lat' dir='ltr'><strong>nt</strong></span> <span class='ocrx_word' id='word_1_305' title='bbox 707 2484 799 2536; x_wconf 88' lang='lat' dir='ltr'><strong>alteram</strong></span> <span class='ocrx_word' id='word_1_306' title='bbox 817 2486 924 2550; x_wconf 84' lang='lat' dir='ltr'><strong>copulam</strong></span> 
     </span>
     <span class='ocr_line' id='line_1_35' title="bbox 124 2557 219 2616; baseline 0 -14"><span class='ocrx_word' id='word_1_307' title='bbox 124 2557 219 2616; x_wconf 71' lang='lat' dir='ltr'><strong>querat.</strong></span> 
     </span>
    </p>

    <p class='ocr_par' dir='ltr' id='par_1_5' title="bbox 122 2624 926 2909">
     <span class='ocr_line' id='line_1_36' title="bbox 156 2624 925 2693; baseline 0.012 -20"><span class='ocrx_word' id='word_1_308' title='bbox 156 2625 188 2673; x_wconf 81' lang='lat' dir='ltr'><strong>dri</strong></span> <span class='ocrx_word' id='word_1_309' title='bbox 201 2624 301 2688; x_wconf 88' lang='lat' dir='ltr'><strong>pri-num</strong></span> <span class='ocrx_word' id='word_1_310' title='bbox 321 2637 375 2688; x_wconf 76' lang='lat' dir='ltr'><strong>erpo</strong></span> <span class='ocrx_word' id='word_1_311' title='bbox 391 2626 525 2688; x_wconf 76' lang='lat' dir='ltr'><strong>dicendum,</strong></span> <span class='ocrx_word' id='word_1_312' title='bbox 546 2626 684 2690; x_wconf 68' lang='lat' dir='ltr'><strong>quomque</strong></span> <span class='ocrx_word' id='word_1_313' title='bbox 704 2629 823 2693; x_wconf 81' lang='lat' dir='ltr'><strong>corruptio</strong></span> <span class='ocrx_word' id='word_1_314' title='bbox 833 2635 925 2692; x_wconf 84' lang='lat' dir='ltr'><strong>pescli</strong></span> 
     </span>
     <span class='ocr_line' id='line_1_37' title="bbox 122 2695 926 2765; baseline 0.012 -22"><span class='ocrx_word' id='word_1_315' title='bbox 122 2695 196 2758; x_wconf 86' lang='lat' dir='ltr'><strong>prima</strong></span> <span class='ocrx_word' id='word_1_316' title='bbox 203 2731 212 2757; x_wconf 92' lang='lat'><strong>,</strong></span> <span class='ocrx_word' id='word_1_317' title='bbox 222 2708 264 2759; x_wconf 90' lang='lat' dir='ltr'><strong>per</strong></span> <span class='ocrx_word' id='word_1_318' title='bbox 275 2709 343 2759; x_wconf 87' lang='lat' dir='ltr'><strong>quam</strong></span> <span class='ocrx_word' id='word_1_319' title='bbox 358 2698 427 2748; x_wconf 85' lang='lat' dir='ltr'><strong>horno</strong></span> <span class='ocrx_word' id='word_1_320' title='bbox 438 2698 513 2748; x_wconf 83' lang='lat' dir='ltr'><strong>lautus</strong></span> <span class='ocrx_word' id='word_1_321' title='bbox 527 2702 563 2748; x_wconf 90' lang='lat' dir='ltr'><strong>est</strong></span> <span class='ocrx_word' id='word_1_322' title='bbox 575 2711 656 2749; x_wconf 83' lang='lat' dir='ltr'><strong>seruus</strong></span> <span class='ocrx_word' id='word_1_323' title='bbox 672 2699 770 2759; x_wconf 80' lang='lat' dir='ltr'><strong>diaboli,</strong></span> <span class='ocrx_word' id='word_1_324' title='bbox 786 2701 810 2750; x_wconf 89' lang='lat' dir='ltr'><strong>in</strong></span> <span class='ocrx_word' id='word_1_325' title='bbox 825 2713 868 2750; x_wconf 91' lang='lat' dir='ltr'><strong>nos</strong></span> <span class='ocrx_word' id='word_1_326' title='bbox 882 2715 926 2765; x_wconf 86' lang='lat' dir='ltr'><strong>per</strong></span> 
     </span>
     <span class='ocr_line' id='line_1_38' title="bbox 123 2768 926 2836; baseline 0.015 -22"><span class='ocrx_word' id='word_1_327' title='bbox 123 2771 199 2815; x_wconf 85' lang='lat' dir='ltr'><strong>autum</strong></span> <span class='ocrx_word' id='word_1_328' title='bbox 219 2768 356 2830; x_wconf 76' lang='lat' dir='ltr'><strong>generalium</strong></span> <span class='ocrx_word' id='word_1_329' title='bbox 372 2769 480 2833; x_wconf 79' lang='lat' dir='ltr'><strong>potentiae</strong></span> <span class='ocrx_word' id='word_1_330' title='bbox 500 2770 607 2831; x_wconf 86' lang='lat' dir='ltr'><strong>devenit,</strong></span> <span class='ocrx_word' id='word_1_331' title='bbox 628 2769 680 2822; x_wconf 87' lang='lat' dir='ltr'><strong>ideo</strong></span> <span class='ocrx_word' id='word_1_332' title='bbox 701 2772 804 2823; x_wconf 73' lang='lat' dir='ltr'><strong>maleficii</strong></span> <span class='ocrx_word' id='word_1_333' title='bbox 821 2777 926 2836; x_wconf 83' lang='lat' dir='ltr'><strong>potestas</strong></span> 
     </span>
     <span class='ocr_line' id='line_1_39' title="bbox 124 2833 922 2909; baseline 0.01 -23"><span class='ocrx_word' id='word_1_334' title='bbox 124 2833 262 2900; x_wconf 86' lang='lat' dir='ltr'><strong>permittitur</strong></span> <span class='ocrx_word' id='word_1_335' title='bbox 279 2838 370 2890; x_wconf 87' lang='lat' dir='ltr'><strong>diabolo</strong></span> <span class='ocrx_word' id='word_1_336' title='bbox 386 2839 399 2890; x_wconf 80' lang='lat' dir='ltr'><strong>‘a</strong></span> <span class='ocrx_word' id='word_1_337' title='bbox 418 2843 463 2894; x_wconf 84' lang='lat' dir='ltr'><strong>lieo</strong></span> <span class='ocrx_word' id='word_1_338' title='bbox 476 2843 501 2893; x_wconf 87' lang='lat' dir='ltr'><strong>iu</strong></span> <span class='ocrx_word' id='word_1_339' title='bbox 518 2844 560 2892; x_wconf 85' lang='lat' dir='ltr'><strong>iren</strong></span> <span class='ocrx_word' id='word_1_340' title='bbox 581 2845 632 2892; x_wconf 83' lang='lat' dir='ltr'><strong>aem</strong></span> <span class='ocrx_word' id='word_1_341' title='bbox 648 2843 722 2905; x_wconf 69' lang='lat' dir='ltr'><strong>magis</strong></span> <span class='ocrx_word' id='word_1_342' title='bbox 735 2843 802 2907; x_wconf 80' lang='lat' dir='ltr'><strong>quim</strong></span> <span class='ocrx_word' id='word_1_343' title='bbox 816 2844 840 2894; x_wconf 91' lang='lat' dir='ltr'><strong>io</strong></span> <span class='ocrx_word' id='word_1_344' title='bbox 854 2843 922 2909; x_wconf 82' lang='lat' dir='ltr'><strong>aliis3</strong></span> 
     </span>
    </p>
   </div>
   <div class='ocr_carea' id='block_1_5' title="bbox 0 0 1018 3304">
    <p class='ocr_par' dir='ltr' id='par_1_6' title="bbox 0 0 1018 3304">
     <span class='ocr_line' id='line_1_40' title="bbox 0 0 1018 3304; baseline 0 2"><span class='ocrx_word' id='word_1_345' title='bbox 0 0 1018 3304; x_wconf 95' lang='lat' dir='ltr'><strong> </strong></span> 
     </span>
    </p>
   </div>
  </div>
 </body>
</html>
