1970 3326
305 203 339 240 ott
354 201 423 239 BONiS
437 201 592 240 menstrosam.
821 199 851 244 85

40 281 107 332 estin
119 280 229 332 osticium
246 279 286 330 vet
295 278 319 328 in
333 277 472 338 remedium,
490 279 559 338 hahet
574 278 687 330 rationem
699 279 762 330 utitis
779 284 853 334 etho·

40 353 168 404 remissi
185 355 313 414 utrumqne
329 352 410 401 horum
423 349 445 402 ei
457 351 581 415 competit,
593 364 622 402 ex
635 353 679 402 hoc
692 352 753 416 qudd
766 355 850 418 huius-

41 425 99 475 modi
112 425 177 474 bona
190 424 263 474 habet
280 422 366 486 quibus
385 421 415 472 sit
430 421 455 471 in
466 421 565 474 officium
582 426 606 473 et
623 424 748 475 remedium
767 421 851 478 concn-

7 503 8 508 ’
39 497 159 559 piscentiae
176 495 305 546 adhibens.

67 569 100 618 td
113 570 227 632 qnartmu
238 565 376 629 dicendum,
389 566 450 630 qnod
462 565 544 630 aliquis
556 569 622 618 actus
636 567 730 619 uirtutis
741 571 848 622 honesta-

38 645 85 700 tnr,
101 645 126 689 ct
145 639 252 702 virtute,
267 637 334 702 quasi
352 637 464 702 principio
483 639 597 703 elicitiro,
614 644 637 691 et
657 639 847 703 circumstantiis,

37 712 98 776 quasi
110 711 253 763 formalibus
263 710 383 774 principiis
394 709 475 773 ipsius.
491 709 539 761 Hoc
552 714 629 762 autem
641 711 707 763 modo
722 725 747 762 se
760 714 847 764 habent

7 837 8 844 χ
36 783 94 834 iona
116 782 267 834 matrimonii
290 781 320 831 sd
337 779 521 844 matrimonium,
542 781 602 832 sicut
624 781 798 837 circumstantis
819 786 848 835 ad

7 863 8 908 t
35 859 108 904 actum
122 854 235 917 uirtutis,
245 851 368 918 exquibus
377 852 446 903 hahet
455 852 516 917 qudd
525 853 617 904 virtutis
628 856 690 905 actus
699 867 750 907 esse
764 857 847 920 possit.

333 1031 493 1085 nnrrcunus
510 1033 539 1082 n.

104 1159 200 1205 Uda-iem
219 1158 283 1202 dorse
293 1156 445 1202 matrimonii
458 1157 604 1215 mffldentcr
619 1159 780 1216 unatqoeator.
799 1189 800 1192 ,

7 1199 9 1282 t

63 1290 97 1340 td
118 1285 256 1339 secundum
275 1284 309 1335 sic
325 1282 464 1348 proceditur.
487 1284 581 1336 Videtur
602 1283 664 1348 quid
684 1285 849 1338 imntticienter

34 1361 89 1411 bonu
114 1356 267 1409 matrimonii
287 1355 435 1420 assignentur
448 1355 461 1406 i
475 1354 582 1418 Magistro
605 1355 789 1419 Sententiarum
804 1358 848 1409 sci-

34 1434 97 1484 ticet:
108 1431 192 1493 fides,
206 1427 293 1492 prodes
305 1433 329 1479 et
342 1431 536 1478 sacramentum.
550 1428 607 1487 Quia
621 1427 789 1480 matrimonium
801 1444 846 1482 non

34 1506 104 1556 sotim
122 1505 152 1554 tit
168 1504 196 1552 iu
210 1499 343 1550 hominibus
352 1499 380 1548 ed
392 1500 476 1562 protem
486 1500 647 1564 procreandam
656 1502 680 1550 ct
692 1500 845 1564 nutriendam,

36 1581 68 1628 scd
80 1577 160 1629 ctiam
174 1575 206 1624 ad
221 1571 362 1622 consortium
371 1571 496 1621 communis
505 1572 567 1633 rita,
577 1575 670 1636 propter
681 1585 774 1638 oporam
785 1587 846 1626 coru·

37 1648 241 1706 mancationem,
257 1649 282 1694 nt
300 1643 385 1694 dicitur
398 1643 422 1693 in
435 1642 492 1694 vttt.
507 1643 592 1694 Editio.
607 1644 679 1708 (cap.
701 1648 730 1694 12
741 1645 759 1708 ).
771 1646 844 1708 tirno,

35 1720 89 1770 sicut
101 1715 207 1784 ponitur
222 1715 299 1780 proles
313 1713 559 1778 tonnmmatrimonii3
576 1714 607 1764 ita
618 1714 710 1766 deteret
724 1715 780 1779 poni
792 1727 846 1780 cpe·

35 1806 80 1842 rum
101 1787 301 1842 communicatio.

61 1871 84 1916 a.
100 1865 245 1920 Praeterea,
266 1858 397 1924 conjunctio
411 1858 498 1910 Christi
518 1859 547 1910 ad
559 1857 699 1923 Ecclesiam,
713 1871 782 1923 quam
799 1873 846 1911 ma·

34 1936 172 1987 trimonium
195 1929 326 1994 signinum,
343 1927 458 1994 perficitur
478 1944 519 1994 per
542 1929 685 1982 charitatem.
706 1932 765 1995 Ergo
785 1931 846 1983 inter

7 1990 8 2047 i
35 2009 90 2060 tona
103 2002 258 2058 matrimonii
271 2002 344 2066 magis
359 2002 425 2054 debet
440 2001 496 2066 poni
509 2001 607 2054 charitas
624 2002 692 2067 quan
704 2002 767 2054 tides.

7 2079 8 2088 ¹
63 2085 86 2130 a.
106 2081 252 2136 Praeterea,
274 2075 298 2124 iu
317 2074 460 2125 matrimonio
485 2073 545 2125 sicut
567 2073 664 2139 exigitur
684 2074 746 2139 qnod
766 2080 846 2128 neuter

34 2154 162 2216 coniugum
183 2148 215 2198 ad
230 2145 325 2196 alterius
337 2148 410 2196 torum
429 2146 536 2207 accedat,
554 2145 588 2196 ita
601 2145 698 2210 exigitur
712 2145 772 2210 pron
785 2161 845 2196 unus

34 2223 97 2275 alteri
109 2221 223 2274 debiturn
239 2217 327 2268 reddet.
342 2215 385 2268 Sed
400 2216 498 2280 primum
512 2215 612 2280 pertinet
625 2218 654 2267 ed
668 2217 750 2278 tidem,
760 2220 785 2266 ut
797 2219 844 2267 tta-

7 2321 8 2340 2
35 2296 102 2358 gister
115 2295 188 2347 dicit.
202 2291 263 2354 Ergo
279 2290 372 2340 deberet
386 2289 454 2340 etiem
467 2289 571 2353 iustitia,
583 2292 676 2354 propter
693 2287 844 2341 redditionem

35 2367 116 2428 debiti,
129 2365 197 2415 inter
211 2361 273 2412 hona
287 2360 425 2411 matrimonii
439 2359 573 2426 computari.

65 2433 317 2495 t.1>raeterea,sicut
335 2433 360 2484 in
379 2433 540 2494 matrimonio,
557 2434 580 2485 in
601 2435 711 2498 quantum
729 2432 843 2496 significat

34 2509 228 2575 conjunctionem
246 2505 332 2556 Christi
347 2509 371 2556 ct
389 2505 511 2569 Ecclesiae,
527 2505 647 2570 requiritur
660 2503 843 2570 indivisibilitas,

34 2583 67 2632 ita
76 2587 101 2633 et
112 2581 209 2642 unitas,
219 2579 247 2628 ut
260 2578 290 2628 sit
303 2589 350 2627 una
363 2576 438 2628 unius.
449 2577 698 2636 dedecoramentum,
708 2578 769 2640 quod
782 2577 843 2628 inter

36 2654 78 2702 tria
92 2655 156 2704 bona
178 2649 322 2700 matrimonii
341 2651 499 2713 computatur,
509 2647 609 2712 pertinet
626 2649 655 2698 ad
672 2647 842 2699 indivisionem.

37 2726 96 2787 tirno
114 2723 215 2774 deteret
235 2733 287 2772 esse
305 2718 392 2785 atiquid·
405 2721 467 2772 atiud
486 2719 547 2784 quud
567 2718 694 2784 pertineret
715 2719 743 2770 ad
762 2719 844 2771 unita-

39 2803 94 2846 tem.

74 2867 151 2920 5.Scd
160 2867 258 2930 contra,
270 2863 370 2915 uidetur
379 2864 440 2928 quod
454 2854 608 2928 superfluent,
627 2864 680 2928 quia
691 2861 758 2913 unica
772 2861 845 2911 virtus

40 2939 122 2994 sciscit
131 2940 161 2992 ad
172 2937 269 2990 unicum
281 2939 358 2988 actum
367 2935 547 2988 homstsudnm.
558 2934 772 2986 sudumsestuua
782 2943 845 2995 qne·

7 3143 11 3292 i
