1968 3294
122 160 167 208 but
269 157 467 210 suueuuuuuuon
483 155 577 202 ouon.
593 153 650 201 sut,
666 154 722 192 aaa.
742 156 767 191 u.

155 239 187 290 ud
200 236 304 302 quintum
317 235 448 294 diueuduuu,
466 229 526 294 quad
545 229 570 280 iu
588 227 699 293 spirituali
712 230 859 282 matrimonio
877 233 922 284 iu·

124 309 192 361 tutior
201 305 404 369 depraedatum
412 303 471 352 uude
481 299 563 351 dieitur
572 298 596 348 iu
605 298 698 350 Paulm.
710 299 782 350 XLIV
795 315 802 349 ι
814 317 830 350 u
838 303 923 353 timuis

124 378 194 444 gloria
209 379 259 442 eius
272 376 323 426 tiliae
333 375 393 437 tagis
410 371 517 432 abintus,
532 373 577 419 eu.
588 385 602 416 a
612 368 656 419 Sed
671 369 696 418 iu
709 371 858 422 mutuimouiu
866 385 924 422 uou-

125 446 324 513 poualiueauiritur
337 445 403 494 deuou
415 441 519 502 exterior.
535 441 599 490 lluda
611 451 657 490 uuo
671 444 761 504 opoutat
776 439 838 504 quad
852 443 921 493 dotes

124 517 254 586 huiusmodi
273 516 415 578 assignentur
429 513 454 562 iu
473 509 615 561 matrimonio
633 508 758 574 spirituali,
781 511 923 562 situlassi-

125 594 220 653 guantur
235 589 261 638 iu
275 583 392 666 coepobii.

418 704 581 766 buutcdttls
594 705 623 759 tl,

294 829 378 878 Uirium
386 829 427 875 dos
436 829 467 874 ait
477 828 539 874 idem
547 827 610 884 quod
621 827 747 873 beatitudo.

158 961 190 1012 tu
209 957 330 1009 secuudum
352 954 386 1005 sie
402 947 541 1020 *proceditis
561 949 655 1004 Videtur
670 949 731 1014 pubal
752 949 796 1002 dos
815 953 849 1004 sit
861 952 923 1006 tuam

127 1031 186 1096 quod
197 1027 322 1080 beatitudo.
337 1025 366 1076 tlt
381 1024 441 1075 euim
455 1035 484 1072 ex
498 1019 630 1072 defiuitione
647 1019 705 1070 dotis
719 1020 834 1084 praedicta
846 1027 921 1088 patet,

129 1121 143 1150 a
152 1103 193 1152 dos
208 1103 245 1152 est
263 1099 356 1149 ornatus
374 1093 473 1160 eorporis
487 1096 510 1141 et
525 1089 620 1152 animae,
633 1090 658 1139 iu
678 1093 766 1142 eterna
778 1088 924 1145 beatitudine

125 1172 210 1238 jugiter
230 1177 386 1235 perseuerans.
405 1181 420 1212 u
438 1163 483 1214 Sed
495 1161 611 1214 beatitudo
625 1159 706 1210 anime
718 1163 756 1210 est
769 1161 866 1226 quidam
881 1177 923 1216 ur·
973 1177 974 1216 t

129 1248 194 1294 italus
206 1243 265 1305 ejus.
279 1241 338 1302 Ergo
352 1233 468 1304 beatitudo
480 1236 516 1282 est
528 1232 577 1282 dos.
973 1233 974 1262 t

151 1318 184 1362 a.
199 1313 319 1370 Proterea
328 1307 368 1358 dua
380 1303 465 1374 dieitur
478 1301 533 1354 illud
542 1313 583 1366 per
593 1301 652 1364 quod
662 1313 745 1365 sponsa
756 1301 925 1355 delectabiliter
973 1305 974 1312 ’

102 1433 106 1442 ,
127 1396 212 1448 sponso
228 1371 378 1443 coniungituu
396 1374 443 1445 Sed
461 1369 614 1436 inspirituali
635 1369 779 1422 matrimonio
803 1371 923 1424 beatitudo
973 1361 974 1392 ³

129 1457 164 1504 est
181 1449 319 1518 hujusmodi.
334 1447 393 1510 Ergo
402 1442 519 1495 beatitudo
534 1447 570 1492 est
583 1443 634 1496 dos.

160 1527 183 1572 a.
196 1525 307 1574 emtores
318 1555 326 1582 ,
339 1516 417 1578 visio,
434 1511 559 1565 secuudum
574 1508 740 1575 Augustiana,
754 1516 791 1562 est
804 1517 855 1563 tota
869 1515 924 1564 sub.

130 1593 212 1644 stantia
230 1586 383 1644 beatitudiuis.
397 1583 442 1636 Sed
455 1583 516 1633 uiuo
533 1581 626 1645 punitur
637 1589 685 1630 uua
701 1579 729 1630 de
747 1580 851 1634 dotibus.
863 1584 923 1647 Ergo

130 1664 244 1722 beatitudo
260 1665 295 1712 est
310 1659 360 1710 dos.

158 1733 186 1785 ἰ.
203 1736 328 1792 Praeterea,
342 1725 420 1778 iuuitto
437 1724 529 1777 beatuut
542 1719 604 1772 lauit.
618 1717 708 1772 iuuitiu
723 1723 802 1772 autem
816 1725 855 1773 est
871 1724 922 1774 aas.

131 1809 190 1870 Ergo
211 1803 252 1854 dos
264 1799 318 1852 tacit
331 1799 436 1862 beatum3
448 1799 471 1846 et
490 1792 522 1843 sie
536 1797 571 1842 est
585 1791 710 1842 beatitudo.

123 1914 130 1926 ,
162 1883 186 1928 a.
208 1865 474 1929 Praeteuea,see'uudi1m
494 1861 598 1914 boetium
618 1861 674 1913 libro
698 1861 737 1912 lll.
763 1863 801 1912 De
823 1862 923 1914 consol.

131 1943 261 2008 Prost‚li,
274 1937 413 1990 «beatitudo
433 1939 468 1985 est
488 1937 560 1983 status
574 1929 675 1982 omnium
695 1931 807 1982 boeotum
830 1947 925 1996 dongua-

43 2046 48 2061 ·
131 2017 219 2080 gatiano
230 2013 352 2078 perlectus.
367 2023 381 2054 u
396 2006 438 2057 Sed
450 2008 521 2055 sutus
533 2004 648 2054 beatorum
659 2000 776 2066 policitus
784 2013 814 2052 ex
823 2003 922 2054 dotibus.

131 2090 189 2152 llugo
203 2085 267 2136 dotes
279 2085 333 2132 suut
346 2073 491 2126 beatitudiuis
502 2077 589 2138 partes.

162 2159 206 2208 Sed
219 2157 309 2214 aetitia,¹
317 2150 356 2200 dus
367 2147 431 2196 datur
441 2145 490 2196 siue
502 2143 597 2194 meritis.
610 2141 653 2193 Sed
664 2141 781 2194 beatitudo
790 2155 836 2194 nou
846 2143 922 2207 datur,

131 2227 171 2281 sed
189 2225 290 2278 redditur
300 2229 341 2283 pro
355 2215 450 2265 metitis.
465 2215 524 2278 Ergo
538 2213 656 2264 beatitudo
670 2223 717 2262 nou
730 2215 765 2262 oet
780 2213 831 2263 dua.

161 2300 288 2356 Praeterea,
299 2286 414 2339 beatitudo
426 2289 461 2336 est
476 2297 522 2334 uua
536 2281 636 2334 tuatim.
655 2281 723 2332 llotes
737 2281 791 2332 verb
805 2288 861 2333 suut
873 2281 923 2347 plu-

132 2383 176 2422 res.
187 2367 246 2430 Eupo
262 2357 377 2413 beatitudo
391 2367 437 2406 uon
451 2360 486 2407 est
501 2356 549 2406 dos.

161 2437 309 2495 Praeterea«
326 2421 443 2478 beatitudo
456 2426 517 2476 ineat
531 2422 620 2474 homiui
636 2419 762 2473 seeundum
774 2420 798 2472 id
811 2423 873 2484 quod
886 2426 923 2471 est

131 2501 358 2575 potissimumum,
373 2513 387 2544 a
398 2501 422 2546 ut
431 2497 513 2547 dieitur
521 2494 544 2544 iu
559 2496 576 2544 l.
592 2495 675 2542 litote.
687 2491 733 2556 (l).
743 2491 788 2542 Sed
799 2492 840 2541 dos
853 2491 921 2541 etiem

164 2655 196 2719 lt)
212 2657 268 2712 dap.
287 2653 378 2712 quidem
398 2650 430 2710 t,
445 2649 585 2710 praeeo-lat„
599 2643 709 2702 impliciti
731 2643 863 2696 dumtaxat,
883 2645 918 2687 uel

133 2717 208 2778 oapi
222 2719 245 2762 iu
259 2719 376 2772 antiquis,
391 2719 415 2758 et
427 2711 487 2770 apud
501 2713 524 2756 S.
536 2709 651 2754 Tbomam
663 2707 718 2752 luet.
728 2703 757 2758 ἰς
772 2704 813 2750 sed
825 2715 918 2760 supres-

76 2771 77 2774 '
133 2781 234 2827 eliasib.
249 2781 277 2836 X,
291 2790 343 2835 uap.
362 2777 390 2831 i,
403 2774 541 2832 maculat„
560 2770 596 2815 uel
608 2768 636 2814 11
652 2769 676 2813 iu
688 2767 809 2825 antiquis,
826 2772 850 2814 et
861 2765 919 2825 aput

133 2846 156 2889 ιι,
167 2843 278 2888 'rhomam
292 2841 346 2886 let-t.
362 2837 400 2884 ll.
