1936 3306
142 167 174 206 nu
187 165 325 213 nutnrrtun
340 166 470 208 aurnuns
486 169 509 206 ne
526 166 692 219 nundinorum,
709 170 762 209 erc.
807 161 851 210 att

57 243 171 296 tendum.-
182 244 302 309 Contingit
319 249 396 296 summ
414 245 549 309 quandoque
563 245 625 309 qndd
642 245 725 310 aliquis
739 247 853 300 dormiens

56 313 158 380 moritur,
173 317 199 366 in
213 315 285 380 gratia
297 315 414 378 existens,
427 316 467 380 qui
480 329 533 366 cum
547 317 632 368 veniali
648 317 723 382 aliquo
737 317 855 370 obdormi-

57 387 106 452 vit;
125 391 149 439 et
162 387 216 438 talis
229 400 275 438 nou
289 391 366 452 potest
379 392 454 441 actum
472 387 615 440 contritionis
631 389 715 442 trabere
729 389 758 442 de
771 390 855 443 reniet

54 464 105 513 ante
119 464 225 512 morien.
242 461 290 512 Nec
302 463 379 525 potest
393 460 438 512 dici
454 460 496 525 (ut
505 460 598 522 dsunt)
613 459 673 526 quud
687 463 707 514 si
719 475 766 517 non
780 463 854 527 omni-

53 531 97 583 tnit
112 535 182 596 actu,
198 531 236 582 rel
253 531 369 596 proposito
385 531 427 598 (iu
443 531 544 597 generali
556 533 593 584 rel
609 533 732 598 speciali),
748 533 808 599 quon
822 535 854 586 sit

51 618 140 656 uersum
152 603 177 654 in
189 603 292 664 mortale,
303 608 395 668 propter
403 605 448 654 troc
458 605 519 668 qnod
530 604 643 656 oseniale
652 603 683 656 sit
694 607 789 658 morule
799 607 853 659 dum

51 676 140 740 placet:
153 692 169 724 n
183 674 238 740 qula
259 689 306 726 non
322 675 429 740 cundoet
445 676 559 741 plamntia
578 676 668 740 peccati
685 677 783 728 venialis
799 679 856 730 tacit

51 753 168 812 moratum
178 747 272 798 mortale
282 747 354 813 (aliis
362 761 430 800 omne
438 748 526 799 reniale
538 753 598 799 esset
607 748 711 810 mortale,
721 749 775 813 quia
784 749 854 815 quod·

50 818 104 870 lilet
114 819 206 871 reniale
219 820 302 884 placet,
312 819 364 870 cium
378 821 408 871 sit
421 821 574 872 uoluntarium
582 819 603 884 );
618 821 659 870 sed
675 820 727 872 talis
738 821 853 885 placentia

50 904 99 955 qnae
117 892 146 942 ad
160 889 291 942 fruitionem
303 896 406 956 spectat,
420 892 445 942 in
458 904 504 956 qne
517 891 591 942 omnis
602 893 703 942 hnmana
714 893 854 956 perversitas

50 963 173 1028 consistit,
186 963 240 1014 dum
252 963 319 1014 rebus
332 963 422 1016 utendis
435 965 542 1028 fruimur,
554 968 580 1014 nt
593 963 734 1030 Augustinus
743 965 813 1030 dicit;
828 971 853 1018 et

49 1035 81 1085 sic
95 1034 212 1099 placentie
226 1032 265 1085 illa
275 1050 326 1098 quan
339 1035 394 1086 lacit
406 1039 524 1100 peccatum
534 1035 638 1096 mortale,
648 1039 684 1086 est
694 1035 789 1088 actualis
802 1039 852 1102 pla-

49 1108 141 1170 centia,
156 1105 212 1170 quia
224 1119 291 1158 omne
301 1111 420 1170 peccatum
428 1107 525 1160 mortale
538 1107 563 1157 in
578 1113 631 1160 actu
645 1105 758 1158 consistit.
773 1109 852 1160 Potest

48 1186 125 1230 entem
146 1178 282 1242 contingere
294 1179 356 1243 qudd
377 1179 474 1243 aliquis,
488 1182 608 1242 postquam
623 1178 713 1231 ueniole
731 1185 851 1243 peecatum

48 1249 176 1315 commisit,
190 1249 249 1302 ninii
261 1250 379 1302 actualiter
392 1252 477 1314 cogitet
488 1251 516 1301 de
527 1259 619 1314 peccato
635 1250 693 1316 (vel
703 1249 850 1318 dimittendo,

48 1324 82 1373 vel
95 1322 224 1384 tenendo),
239 1321 279 1373 sed
290 1322 375 1386 cogitet
384 1321 443 1374 lortd
456 1321 518 1386 qudd
527 1322 656 1386 triangulus
669 1320 739 1372 habet
752 1327 797 1376 nes
810 1339 851 1378 en·

47 1394 111 1456 gulos
125 1393 226 1457 equales
238 1394 326 1445 duobus
337 1393 422 1458 rectis,
437 1397 460 1444 et
473 1394 499 1444 in
515 1395 559 1444 trac
574 1394 710 1458 cogitatione
723 1397 851 1449 obdormiat

47 1470 69 1517 ct
83 1464 205 1518 moriatur.
220 1467 284 1518 Unde
297 1469 359 1530 petet
371 1467 432 1530 qudd
446 1468 496 1518 hate
513 1465 592 1530 opinio
607 1465 701 1516 omuino
714 1467 851 1522 irrationalis

48 1541 96 1602 ost;
112 1540 138 1587 et
155 1537 208 1588 ideo
224 1552 275 1588 cnm
289 1538 339 1588 aliis
353 1537 489 1600 dicendum,
503 1537 564 1601 qudi
578 1539 645 1602 culpa
661 1537 773 1602 venialis,
787 1540 812 1592 in
823 1555 851 1592 eo

13 1639 14 1646 κ
48 1611 85 1682 qui
98 1609 236 1671 cumgratia
247 1609 345 1671 decedit,
361 1611 487 1673 posthanc
500 1609 571 1658 uitam
585 1607 707 1659 dimittitur
720 1623 761 1674 per
774 1611 850 1674 iguem

48 1680 218 1746 purgatorium,
234 1681 286 1745 quia
306 1695 373 1746 poena
390 1680 444 1743 ille,
457 1681 584 1744 aliqualiter
602 1680 746 1743 voluntaris,
767 1682 850 1737 uirtute

47 1753 127 1814 gratim
143 1751 236 1804 habehit
250 1753 296 1803 vim
310 1751 418 1818 expiandi
434 1753 523 1816 culpam
539 1764 629 1802 omnem
648 1765 699 1814 quaa
717 1753 785 1804 simul
798 1768 850 1806 cum

47 1825 120 1886 gratie
131 1829 192 1876 stare
206 1827 290 1888 potest.

76 1899 111 1948 Art
124 1897 224 1962 primunr
234 1910 288 1960 orgo
298 1897 432 1960 dicendum,
444 1895 505 1960 qudd
514 1897 594 1948 Glossa
604 1896 703 1961 loquitur
715 1898 743 1948 de
755 1903 848 1962 peceato

48 1967 154 2032 mortali;
167 1970 205 2020 vel
215 1969 334 2020 dicendum
342 1969 404 2033 qndd
413 1969 517 2034 quamuis
527 1970 553 2020 in
562 1971 605 2020 hec
613 1969 661 2020 rita
670 1984 716 2022 non
725 1971 849 2030 corrigatur

48 2038 70 2090 in
85 2056 111 2093 se
122 2080 129 2103 ,
139 2041 260 2105 corrigitur
275 2045 352 2092 tumen
374 2044 399 2092 in
414 2041 510 2104 merito,
525 2041 578 2104 quia
593 2041 631 2092 liic
646 2042 714 2094 horno
728 2041 809 2092 meruit
824 2047 849 2092 nt

48 2111 78 2162 ibi
91 2115 133 2164 illa
142 2126 212 2178 poena
223 2114 254 2166 sit
270 2113 384 2164 meritoria
393 2115 452 2172 ¹sitsi.

78 2187 113 2237 lld
128 2187 254 2238 secundnm
267 2186 409 2246 dicendum,
425 2185 485 2250 qndd
499 2188 615 2248 peccatum
633 2185 722 2236 veninlc
736 2185 848 2250 contingit

48 2269 76 2306 er
91 2257 238 2322 corruptione
255 2256 360 2317 inmitis,
374 2257 413 2319 qui
427 2257 451 2306 in
465 2256 540 2306 aalma
557 2259 662 2320 separata
677 2256 701 2308 in
720 2257 849 2319 mugatorio

49 2329 163 2380 existente
173 2342 219 2393 non
232 2327 288 2391 crit,
299 2331 323 2380 et
335 2327 386 2380 idco
400 2341 447 2380 non
460 2327 545 2392 poterit
554 2341 651 2392 peccare
663 2327 795 2390 venialiter;
806 2331 848 2378 secl

48 2400 152 2450 remissio
169 2400 242 2464 culpan
252 2400 351 2451 serialis
361 2403 398 2450 est
408 2413 438 2452 ex
449 2399 569 2451 voluntate
577 2398 648 2463 gratit
659 2397 788 2460 intormem,
796 2412 847 2470 qum

49 2471 71 2520 io
86 2473 218 2536 purgatorio
231 2472 275 2522 erit
287 2472 311 2522 in
328 2469 403 2522 anima
417 2476 537 2536 separata;
555 2476 580 2522 et
593 2471 643 2521 ideo
657 2483 703 2520 non
714 2474 751 2520 est
764 2470 847 2520 simile.

80 2545 113 2594 ld
124 2545 216 2596 tertium
226 2543 345 2596 dicendum
352 2583 361 2609 ,
371 2545 431 2608 quod
444 2544 543 2595 venialia
554 2557 600 2594 non
613 2543 703 2592 variant
712 2543 796 2591 statum
808 2543 848 2594 tro

49 2616 130 2680 minis,
150 2616 205 2682 quia
220 2627 293 2680 neque
307 2616 388 2668 tollunt
402 2629 476 2680 neque
497 2616 626 2666 diminuunt
643 2613 792 2675 charitatem,
812 2628 848 2666 sc-

49 2688 148 2740 cuudirm
157 2702 226 2754 quam
242 2693 385 2739 mensuratur
393 2689 509 2752 quantitas
521 2689 624 2750 gratuite
635 2685 742 2738 honitatis
755 2687 845 2749 animem

49 2764 76 2822 etv
90 2761 138 2813 idco
152 2774 193 2825 uer
212 2761 255 2812 lroc
271 2759 332 2824 qudd
346 2761 442 2810 verialia
456 2761 602 2810 dimittuntur
616 2759 652 2809 vel
668 2759 843 2819 curcumittuntur,

51 2833 100 2884 talis
114 2839 189 2885 rurerret
203 2833 279 2883 nnirrru
293 2833 366 2896 qualis
379 2833 447 2898 oritus.

83 2908 114 2958 ld
131 2909 239 2972 quartum
258 2903 380 2955 dicendum
400 2905 459 2970 qnod
472 2907 523 2968 post
540 2903 600 2953 hanc
618 2903 686 2956 uitam
707 2916 753 2954 non
770 2904 845 2967 potest
