1966 3304
347 103 381 142 uu
395 101 493 141 emenso
512 101 617 141 suenum.
835 95 883 144 toli

110 181 145 233 td
165 178 267 246 primum
280 191 333 243 ergo
352 178 490 241 dicendum,
504 177 564 243 qnod
578 180 604 230 in
625 179 685 231 bono
697 179 782 245 prolis,
797 193 883 232 secun-

78 253 130 304 dim
141 252 204 318 qnod
215 254 251 303 est
261 252 289 303 de
302 251 375 316 prime
386 250 513 303 intentione
526 256 621 316 nature,
630 252 767 317 intelligitur
774 266 883 317 procrea-

79 325 126 385 tio,
141 328 166 375 et
180 321 292 386 nutritio,
307 325 331 373 et
345 322 478 381 instructio,
490 336 607 387 quousque
627 325 704 389 proles
715 325 743 375 ed
757 323 883 389 perlectam

78 399 171 448 etatem
188 395 301 456 ducatur,
316 392 357 445 sed
374 393 436 458 qudd
453 393 475 444 ei
494 393 640 459 provideatur
658 395 683 447 iu
703 399 821 462 posterum
841 409 883 460 per

77 467 220 520 hereditatis
238 469 263 517 et
280 465 377 517 aliorum
392 465 503 517 bononem
522 466 694 532 dimissionem,
709 466 801 520 uidetur
812 467 883 532 perti·

77 552 131 592 uere
150 539 180 590 ed
195 538 320 589 secundam
333 538 392 601 legis
404 541 490 589 nature
507 537 669 591 intentionem,

107 612 142 662 rid
156 610 283 662 secundum
296 609 434 672 dicendum,
450 608 511 673 qodd
524 610 609 661 hebere
619 611 770 662 concubinam
783 615 819 663 ost
828 625 884 664 con·

76 687 111 734 tre
128 684 218 734 bonum
227 681 311 748 prolis.
323 681 437 745 quintium
450 681 479 732 ed
493 680 516 731 id
529 682 590 745 quod
603 684 684 733 notura
692 683 716 732 in
725 696 753 735 eo
763 685 837 748 prime
847 685 882 735 in·

78 753 183 806 tentione
194 753 295 804 intendit
307 770 314 816 3
329 753 416 804 scilicet
430 752 585 804 educationem
598 756 622 804 et
634 753 818 820 instructionum,
830 771 882 821 que

78 825 177 892 requirit
190 825 320 876 diuturnam
337 825 529 876 commansionem
542 827 681 888 parentum,
696 827 757 889 quod
777 841 824 877 non
845 833 883 879 est

77 897 101 948 in
120 895 265 957 concubina,
279 909 330 960 quae
347 896 377 946 ad
394 901 486 960 tempus
506 895 637 946 assumitur.
652 897 682 947 lit
699 896 752 948 ideo
774 911 821 949 non
844 903 882 951 cst

76 969 162 1022 simile.
179 969 268 1019 Temen
280 967 390 1032 quentdm
401 967 430 1018 ed
443 967 565 1018 secundam
580 967 747 1031 intentionem,
759 971 827 1022 ctiam
839 973 881 1022 lra-

76 1041 130 1092 tere
154 1039 305 1092 concubinam
323 1039 366 1090 suti
380 1037 551 1104 dispensatione
568 1037 649 1090 cedere
670 1043 761 1105 potest,
775 1046 800 1092 ut
819 1039 884 1108 petet

78 1113 147 1169 Osee,
163 1113 183 1163 l.
418 1137 422 1143 ·

108 1187 143 1236 nd
157 1185 252 1236 tertium
263 1185 395 1249 dicendum,
409 1185 470 1250 qudd
485 1183 676 1250 inseparabilitas,
692 1183 798 1250 quamvls
810 1185 841 1236 sit
854 1187 881 1238 de

78 1256 179 1310 secunda
194 1256 324 1308 intentione
335 1256 482 1320 matrimonii,
496 1261 564 1321 prout
576 1259 611 1308 est
621 1257 646 1306 iu
657 1256 758 1308 officium
776 1261 879 1322 nature,

78 1334 113 1382 est
129 1335 208 1382 tamen
222 1329 334 1394 deprime
345 1328 570 1394 dunnelmensis,
583 1332 652 1394 prout
665 1332 700 1380 est
713 1334 880 1380 sacromentum

17 1461 18 1464 Ἰ
79 1402 198 1454 sceleste.
212 1401 240 1451 Et
254 1401 305 1453 idco
313 1413 342 1453 ex
353 1414 399 1466 quo
410 1400 539 1452 institutum
552 1404 588 1453 est
600 1403 627 1452 ot
639 1400 669 1452 sit
682 1397 791 1452 Ecclesiae
801 1413 876 1452 seere-

80 1478 198 1538 mentum,
211 1475 317 1524 mouente
330 1473 372 1524 teli
386 1472 544 1537 institutione,
554 1486 600 1523 non
616 1475 693 1537 potest
705 1472 748 1523 sub
763 1470 883 1536 dispeusa-
963 1481 964 1492 ¹

81 1545 143 1598 tione
159 1545 256 1610 redere,
270 1543 314 1597 nisi
328 1543 387 1596 tortd
403 1545 504 1596 secundo
517 1545 585 1596 modo
598 1541 781 1610 dispensationis.

376 1726 538 1780 nudtcdnds
555 1725 596 1778 111.

112 1855 199 1902 Utrdm
214 1854 256 1900 eud
267 1855 316 1912 leue
330 1853 408 1910 Moysi
422 1854 516 1899 licitum
526 1853 599 1905 suerit
613 1863 712 1896 uxorem
727 1851 855 1897 dimittere.

112 1982 146 2033 td
168 1979 260 2032 tertium
279 1978 314 2030 sic
330 1978 469 2044 proceditur.
483 1977 581 2029 Videtur
600 1975 662 2041 qudd
678 1977 720 2028 sub
734 1977 783 2039 lege
806 1975 883 2040 ldopsi

83 2053 149 2106 luerit
167 2051 255 2103 licitum
272 2064 367 2103 uxorem
381 2051 502 2102 dimittere.
518 2049 582 2101 Unus
600 2049 662 2101 enlm
678 2049 760 2099 modus
781 2059 883 2098 consen-

83 2127 152 2178 tiendi
163 2129 201 2176 est
218 2138 289 2174 onon
299 2124 434 2188 prohibere,
450 2123 501 2173 cium
512 2123 633 2187 prohibere
651 2120 724 2186 possit
736 2121 782 2184 (t).
794 2135 808 2165 u
823 2119 882 2169 don·

20 2233 21 2238 κ
82 2199 163 2251 sentire
173 2199 251 2248 antem
266 2195 345 2247 illicito
357 2199 394 2246 est
405 2195 520 2246 illicitum.
528 2193 585 2245 Cium
600 2204 654 2258 ergo
667 2195 756 2257 tlopsus
767 2202 812 2240 non
826 2203 880 2254 pro·

83 2271 180 2321 tribuerit
193 2267 271 2319 uxoris
286 2267 422 2332 repudium,
438 2279 481 2316 nec
500 2265 637 2331 peccaverit,
651 2265 705 2328 quia
721 2279 734 2310 o
751 2261 790 2310 lex
801 2263 881 2310 sanctu

83 2346 160 2403 est,u
177 2343 203 2389 ut
216 2337 298 2390 dicitur
313 2340 393 2395 itum„
409 2338 467 2399 Vll,
482 2337 571 2390 uidetur
586 2335 646 2400 quod
669 2333 790 2400 repudium
812 2331 882 2382 luerit

82 2411 201 2478 aliquunde
215 2407 313 2461 licitum.

111 2477 271 2542 issPmeteree,
287 2481 433 2545 «prophete
451 2479 522 2531 locuti
539 2480 591 2529 sunt
605 2475 690 2543 Spiritu
706 2479 785 2528 sancto
802 2475 880 2542 inspi-

84 2559 138 2618 rati,
153 2574 167 2605 n
180 2560 205 2606 ut
215 2557 281 2620 petet
294 2555 324 2604 ll.
336 2555 416 2610 Pete„
428 2553 445 2602 l.
458 2553 503 2603 Sed
512 2551 632 2608 Moloeis..
644 2551 673 2613 ll,
685 2549 769 2600 dicitur
779 2565 786 2598 :
798 2566 812 2596 (ι
821 2548 881 2600 Cdm

84 2629 133 2682 odio
145 2626 254 2680 habueris
266 2661 272 2689 ,
286 2615 409 2676 dimittens
418 2625 487 2690 Ergo,
502 2623 553 2674 cium
565 2622 621 2672 illud
631 2622 692 2688 quod
704 2621 801 2686 Spiritus
812 2633 881 2670 sono·

116 2778 147 2843 (l)
164 2784 207 2828 Est
220 2793 249 2827 ex
263 2780 397 2827 Eleutherio
409 2783 481 2840 Papo,
495 2792 524 2824 ex
539 2778 654 2828 Decretis,
669 2775 742 2825 deusd
755 2777 844 2850 llffqu.
855 2775 879 2833 7,

85 2843 134 2902 c‘ep.
149 2845 289 2904 Neptiqere,
302 2843 381 2891 videre
391 2849 435 2890 est.
623 2875 625 2879 ,
