2026 3304
16 681 18 780 t

277 193 309 230 ns
324 192 486 230 mannmnnro
502 193 662 232 nmrnrrnsrs.
826 184 874 234 tat

356 373 514 452 atticotos
530 373 580 425 vn.

229 497 316 542 Utrtrm
326 497 436 553 affinitas
445 499 531 544 onorat
538 509 615 556 perse
624 501 722 555 prodes.

94 622 129 673 td
146 621 271 686 septimam
285 622 318 672 sic
332 623 460 686 proceditur
469 623 513 688 (t).
526 624 621 674 Videtur
636 623 697 688 quod
709 623 809 676 affinitas
822 628 868 678 tna·

58 693 198 746 peucetiam
212 707 253 757 por
261 694 360 758 seipsam
371 695 462 758 madae
477 693 607 758 cujuslibet
619 695 680 746 enim
691 697 869 760 propinquitatis

59 769 96 816 est
110 765 220 829 accipere
238 764 327 828 aliquos
343 779 384 828 por
394 779 418 816 sc
435 767 526 830 gradus.
541 767 586 818 Sed
599 767 697 821 affinitas
709 767 868 832 propinquitas

59 838 172 901 quadam
182 841 226 888 est.
241 837 301 900 Ergo
312 837 381 886 tranet
392 839 475 900 gradus
486 851 526 902 pcr
536 851 576 901 sc,
590 839 640 889 sinc
648 839 755 904 gratinus
768 853 868 892 consau-

61 906 187 971 guiuitatis
201 921 229 958 ea
246 908 330 971 quibus
344 913 457 958 causatur.

92 983 118 1028 2.
135 979 260 1041 Praeterea,
273 979 297 1028 in
314 978 388 1032 littora
397 979 479 1029 dicitnr
493 979 553 1046 qnod
569 981 680 1032 «soboles
694 981 800 1033 secunda
813 995 869 1033 con·

58 1049 194 1112 junctionis
205 1061 250 1099 aon
266 1053 343 1113 potest
352 1050 449 1100 transire
460 1053 488 1102 ad
503 1053 640 1102 consortium
654 1053 771 1104 aiiinitatis
785 1053 867 1116 prioris

59 1120 115 1170 siri.
127 1137 143 1168 n
154 1121 199 1171 Sed
213 1121 256 1170 troc
269 1134 316 1172 non
327 1127 394 1182 esset,
407 1123 451 1172 nisi
466 1124 526 1174 titins
540 1124 615 1174 aitinis
625 1125 693 1175 ctiam
707 1128 766 1173 esset
780 1124 866 1188 affinis.

59 1189 123 1256 Ergo
139 1191 241 1241 affinitas
250 1192 320 1242 habet
334 1205 374 1254 per
384 1205 409 1242 se
423 1194 521 1256 gradus,
536 1193 595 1243 sicut
609 1193 803 1256 consanguinitas.

93 1263 141 1313 Sed
159 1272 253 1324 contra,
268 1262 366 1312 aitrnitas
379 1275 409 1312 ex
426 1264 624 1326 consanguinitate
641 1267 756 1313 causatur.
771 1265 831 1328 Ergo
845 1268 868 1316 et

62 1345 147 1385 omnes
167 1333 250 1396 gratam
263 1333 381 1382 aiiioitatis
394 1338 515 1384 causantur
535 1347 564 1385 ax
578 1333 685 1397 gradibus
705 1335 867 1396 consanguini-

61 1405 134 1468 tatis;
151 1408 175 1454 et
186 1403 220 1454 sic
233 1405 359 1455 nonhabet
375 1418 416 1468 per
429 1418 454 1456 so
467 1405 555 1469 atiqnos
567 1403 660 1468 gradus.

94 1476 264 1540 (Concnosro.
279 1501 310 1512 -
323 1476 437 1526 Grannum
448 1476 565 1528 distinctio
580 1490 620 1540 per
635 1489 662 1538 sa
674 1475 867 1539 consanguinitati

62 1547 190 1610 conuenit,
209 1546 315 1596 aitinitati
332 1547 386 1598 nort
403 1549 510 1599 nonnisi
530 1549 642 1600 mediante
661 1549 868 1613 consanguinitate,

61 1623 88 1670 nt
101 1622 176 1684 quoto
191 1618 262 1680 grata
285 1619 488 1682 consanguinitatis
507 1619 588 1669 attinet
605 1619 662 1669 mitri
675 1619 719 1682 vir,
734 1623 781 1674 toto
798 1622 869 1682 gradu

63 1689 185 1742 affinitatis
201 1691 297 1740 attineat
306 1689 363 1740 mitri
377 1692 462 1754 uxor.)
852 1729 853 1734 κ

94 1758 235 1827 Respondeo
250 1761 379 1823 dicandum,
392 1761 453 1825 quid
466 1775 505 1812 res
518 1775 564 1813 uon
582 1761 691 1812 dividitur
700 1761 812 1814 divisione
826 1775 867 1827 per

63 1847 106 1899 sc,
122 1833 170 1884 nisi
190 1833 278 1884 ratione
300 1832 361 1884 itlius
375 1834 433 1896 quod
454 1834 566 1898 competit
586 1833 630 1883 sibi
650 1833 776 1885 *secundnm
796 1831 868 1897 geuns'

16 1951 17 1954 ,
62 1919 146 1964 snum:
163 1906 224 1956 sicut
235 1905 319 1956 animal
328 1917 368 1968 par
382 1906 505 1955 rationale
518 1909 541 1956 ct
556 1903 723 1964 irrationale,
733 1917 778 1956 non
791 1909 868 1970 antem

16 2035 17 2040 ἵ
61 1991 104 2042 per
113 1977 203 2028 atnam
218 1980 241 2026 et
254 1979 366 2040 niqaion.
384 1975 462 2028 Carnis
473 1981 548 2028 numm
562 1976 695 2040 propagatio
709 1989 750 2040 per
764 1989 788 2026 se
800 1989 867 2026 cnm-

16 2093 17 2100 ,
62 2053 157 2112 paratur
170 2048 200 2098 ad
213 2047 452 2112 consanguinitatem,
468 2049 520 2112 qnia
532 2063 560 2099 ex
577 2061 603 2098 aa
617 2047 747 2098 irnnrectiate
766 2061 864 2102 consan-

16 2149 20 2244 t

16 2117 17 2148 t
63 2119 186 2184 guinitatis
199 2119 315 2168 vincutum
331 2116 489 2183 'corrtratritur3
503 2120 543 2170 sed
557 2119 584 2169 arl
599 2118 732 2170 aitinitatem
748 2131 794 2168 non
805 2130 867 2170 oom-

62 2195 157 2256 paratnr
176 2189 223 2240 nisi
239 2190 353 2240 nrcdiaute
366 2191 577 2254 consanguinitate,
593 2204 644 2254 qnae
665 2194 700 2241 est
718 2202 786 2238 cansa
806 2189 866 2252 ejus.

63 2263 144 2326 Unde,
160 2261 212 2312 citur
224 2261 307 2324 gradus
325 2260 453 2312 attinentia
467 2275 508 2325 per
527 2261 715 2326 propagationem
729 2259 806 2308 canois
821 2258 869 2323 dis¹

63 2336 215 2398 tinguantur,
234 2332 351 2384 distinctio
361 2333 470 2395 graonam
482 2347 524 2397 por
538 2347 563 2384 ae
577 2336 600 2383 et
614 2329 744 2382 immediatt
758 2331 868 2394 competit

63 2403 275 2468 consanguinitati,
291 2405 332 2454 serl
354 2403 459 2468 aitiuitati
477 2406 591 2456 mediante
614 2401 868 2466 consanguinitatem
964 2433 966 2438 ,

16 2517 17 2520 ,
62 2477 126 2540 ideo,
142 2477 171 2528 ad
188 2475 353 2528 inveniendum
372 2476 454 2538 gradus
468 2475 594 2539 affinitatis,
608 2479 644 2526 cst
656 2475 733 2538 rogante
743 2474 865 2538 generalis,

63 2549 123 2615 poa
134 2551 206 2612 quoto
217 2547 288 2610 gradu
302 2545 510 2610 consanguinitatis
524 2547 606 2600 attinet
615 2545 670 2594 mitri
687 2543 730 2608 vir,
741 2547 789 2596 toto
798 2547 867 2609 gradu

16 2643 17 2648 ¹
63 2619 184 2671 affinitatis
196 2618 279 2669 attinet
289 2617 347 2666 mitri
365 2631 431 2668 uxor.

95 2691 130 2744 at
145 2690 245 2756 primun
266 2701 321 2753 ergo
333 2689 473 2752 otrentum,
487 2687 547 2754 qnttd
563 2688 646 2752 gradus
658 2688 682 2737 in
696 2687 866 2751 propinquitate

99 2843 134 2909 (1)
147 2849 183 2894 Ea
198 2847 240 2909 IV,
255 2844 335 2896 Soet,
349 2845 403 2892 dist.
414 2841 455 2904 tr,
469 2855 509 2901 qn.
519 2842 593 2900 unio,
608 2846 652 2890 art.
664 2841 689 2902 2,
704 2835 866 2898 questiones

16 2941 18 2970 q
66 2916 90 2959 ct
99 2923 168 2970 seqq.

16 2985 17 3016 t
