2026 3304
138 169 184 218 tae
289 177 490 227 surnmsmtrun,
504 177 597 224 ounsr.
612 179 651 230 nv,
664 175 719 216 aar.
736 179 788 218 nur.

138 256 263 307 attinentia
286 268 332 305 nou
350 259 446 319 possunt
461 255 551 320 accipi,
569 255 614 308 uisi
636 256 761 307 secundum
781 267 903 307 ascensum
918 259 948 307 et

138 327 275 378 descensum
290 326 475 390 propagationis3
492 327 599 390 adquam
615 340 661 378 uon
672 331 817 391 comparatur
830 327 944 391 affinitas

137 398 183 448 nisi
201 397 315 448 mediante
338 397 544 460 consanguinitate.
560 397 588 447 Et
608 399 660 449 ideo
680 399 780 449 affinitas
800 412 846 450 uon
870 398 946 449 habet

138 469 221 535 gradus
240 481 283 531 per
301 482 343 531 se,
363 469 403 520 aad
419 473 522 534 sumptos
536 471 604 534 juxta
622 470 707 533 gradus
723 469 946 532 consanguinitatis.

169 539 203 589 hcl
218 541 344 590 secuudum
361 541 498 604 dicendum,
515 541 575 604 quod
592 541 653 591 titirus
670 541 746 590 atiiuis
769 553 827 592 mea
847 553 876 591 ex
895 540 945 593 aiio

137 609 292 672 mammonin,
307 623 353 661 noc
366 621 408 674 par
417 623 442 661 se
455 611 577 676 loquendo,
593 613 633 663 aed
644 612 710 674 quasi
722 623 763 675 per
779 611 895 675 acciaens,
906 612 946 662 di-

138 677 232 731 ccbatur
253 679 381 744 antiquiths
394 681 479 732 attinio.
500 681 564 732 Unde
586 681 749 746 prohibebatur
765 681 778 732 a
795 683 945 736 matrimonio

137 752 211 814 magis
227 756 321 816 proptor
345 753 444 816 publica
463 754 591 805 honestatis
611 753 739 818 justitiam,
762 752 829 816 quita
846 756 946 817 propter

138 823 283 874 affluitatem.
300 823 329 874 nt
345 827 440 888 propter
454 827 499 876 hoo
517 824 584 876 eham
602 838 629 876 ea
643 823 842 888 prohibitionum
856 829 894 875 est
905 835 947 878 ret·

137 897 226 946 vocata.

418 1011 581 1064 annchths
596 1012 655 1064 vul.

146 1137 233 1183 Utrum
245 1138 336 1194 prodas
347 1137 476 1195 oJstrrr'iatis
489 1137 649 1243 εφίςῗᾶῗηίαν
662 1135 724 1181 sicut
738 1136 828 1194 prodas
837 1149 943 1182 consun-

473 1212 542 1258 guarcr
554 1213 568 1243 u
581 1211 609 1242 aa.

174 1327 208 1378 hd
224 1330 329 1378 octauum
342 1326 376 1376 sic
389 1323 526 1389 proceditur.
541 1323 635 1374 Videtur
650 1322 711 1386 quhd
725 1324 807 1386 gratim
821 1323 945 1377 affinitatis

141 1413 188 1450 uon
198 1400 351 1450 extendantur
364 1397 424 1446 sicut
437 1395 519 1460 gratim
532 1395 745 1458 consanguinitatis,
756 1395 812 1454 onia
823 1395 944 1448 vincutum

140 1470 259 1520 affinitatis
270 1473 304 1519 est
320 1466 396 1518 minis
406 1467 466 1517 torte
476 1465 544 1528 quau
556 1464 831 1530 consanguinitatis‚,chm
840 1467 944 1520 affinitas

139 1553 169 1593 ea
185 1539 381 1604 consanguinitate
402 1541 507 1589 causetur
528 1537 551 1587 in
573 1537 705 1589 diversitate
728 1537 829 1601 speciei,
850 1539 944 1592 cicuta

139 1623 206 1664 causa
224 1612 350 1676 aequivoca.
372 1611 415 1662 Sed
429 1609 515 1675 quauta
529 1607 611 1659 fortius
623 1612 659 1660 est
672 1609 797 1672 vinculum,
814 1609 878 1660 tanth
889 1611 944 1662 diu·

139 1684 187 1736 tius
205 1684 278 1733 durat.
292 1684 352 1746 Ergo
367 1681 484 1731 uinculum
499 1679 616 1730 affinitatis
628 1691 676 1731 nou
694 1679 841 1746 duratusque
855 1680 884 1731 ad
907 1684 943 1733 tot

140 1757 224 1821 gradus
238 1755 266 1804 aci
279 1757 334 1817 quot
347 1755 412 1803 durat
423 1751 617 1815 consanguinitas.

171 1831 195 1877 a.
210 1828 322 1876 Proterea
333 1859 339 1887 ,
351 1826 390 1888 jus
406 1824 530 1874 humanum
545 1823 614 1873 dehet
626 1821 710 1872 imitari
721 1823 762 1889 jus
771 1821 882 1874 divinum.
895 1821 944 1873 Sari

138 1897 263 1952 scouudhm
280 1895 320 1959 jus
343 1893 446 1944 dimnum
465 1893 535 1956 aliqui
551 1895 633 1957 gradus
653 1893 859 1958 consanguinitatis
877 1898 946 1947 erant

141 1967 263 2036 prohibiti,
278 1967 303 2017 iu
313 1965 397 2030 quihus
407 1965 512 2029 gradihus
525 1966 626 2016 affinitas
635 1966 804 2018 matrimonium
813 1977 859 2016 uon
867 1965 943 2030 impe-

141 2041 227 2101 rtiebat,
236 2040 296 2088 siout
304 2039 367 2101 patet
377 2037 405 2086 de
415 2049 485 2086 uxore
493 2036 579 2100 fratris,
588 2049 656 2100 quam
668 2037 751 2102 aliquis
759 2041 849 2101 potarat
858 2039 940 2090 dacore

138 2114 163 2165 in
174 2125 268 2162 uxorem
282 2110 332 2175 ipso
346 2107 462 2171 deiurncto,
476 2122 523 2160 nou
539 2113 615 2159 tamen
629 2108 742 2174 propriam
760 2121 868 2159 sororem.
882 2110 941 2173 Ergo
996 2141 997 2148 κ

140 2189 164 2236 et
173 2197 235 2234 nunc
245 2195 292 2234 nou
307 2180 374 2232 dehet
385 2193 437 2231 esso
446 2180 567 2245 prohibitio
580 2181 675 2246 aptatis
686 2182 714 2232 de
727 2179 837 2231 affinitate
852 2185 875 2231 et
886 2193 939 2232 cou·
996 2173 997 2180 ’

140 2256 302 2308 senonicitate.

171 2297 216 2377 Sed
230 2331 316 2387 contra,
331 2324 414 2374 exhuc
428 2323 480 2386 ipso
495 2325 530 2374 est
544 2323 618 2386 aliqua
632 2323 690 2374 mihi
704 2321 779 2374 arinis
789 2352 797 2386 ,=
810 2322 870 2388 puori
888 2335 941 2377 rueo

139 2396 308 2460 consanguineo
323 2397 359 2445 cst
372 2394 502 2458 conjuncta.
519 2394 578 2458 Ergo
592 2393 616 2444 in
627 2405 769 2460 quocumque
780 2396 851 2458 gradu
864 2395 893 2444 sit
904 2396 940 2447 rir

140 2467 197 2518 mitri
208 2465 406 2530 consanguineus,
420 2464 445 2512 iu
457 2463 497 2514 iilo
508 2465 578 2528 gradu
590 2469 627 2515 est
636 2466 687 2530 ipsa
699 2465 755 2516 mihi
768 2465 859 2530 affinis3
875 2470 897 2517 et
906 2465 939 2518 sic

138 2538 225 2604 grados
240 2537 358 2586 affinitatis
372 2534 498 2599 computari
517 2535 601 2586 sichem
619 2536 644 2585 in
660 2537 740 2588 eodem
757 2549 868 2600 nummo,
883 2537 943 2591 sit!

142 2610 225 2674 gratim
236 2606 452 2671 consanguinitatis.

175 2677 433 2744 (concinam—Cum
450 2679 532 2742 gratim
540 2678 659 2730 affinitatis
668 2678 793 2732 secundum
803 2682 940 2745 coasaugni-

140 2751 218 2803 nitatis
230 2751 313 2814 gratim
328 2755 455 2813 sumantur,
469 2753 561 2814 oportet
575 2753 608 2802 tot
622 2763 674 2804 esse
688 2751 806 2803 affinitatis
820 2758 875 2817 quot
887 2757 941 2807 suut

136 2820 344 2886 comsuguiuttatts
357 2823 462 2888 gadas.)

171 2892 308 2958 Respondeo
322 2893 456 2958 dicentum,
478 2892 539 2960 guod
560 2907 589 2946 ex
607 2908 652 2962 quo
666 2895 748 2960 gratus
766 2894 937 2949 athaitmissu·
