1980 3320
8 2235 10 2312 i

12 3083 14 3180 i

130 181 166 218 nn
185 177 355 230 uarnrrromo,
372 179 397 217 ιιι
413 178 527 226 curruum
541 179 585 218 mr
601 179 786 222 ειειιιιιιιτυι.
834 166 867 220 ib

48 255 215 308 conformetur
229 254 333 320 passioni
341 255 424 306 conso
438 253 547 319 quantiam
558 254 586 306 ad
596 269 687 320 omnam
696 295 702 321 ,
712 259 869 320 conformatur

48 331 129 380 mmen
144 329 170 380 ei
190 328 304 392 quantum
318 327 346 378 ad
358 327 501 390 charitatem,
515 341 556 392 per
571 341 639 394 quam
652 341 694 394 pro
705 327 808 380 Ecclesia
822 329 868 381 eibi

48 398 75 450 iu
89 411 206 464 sponsam
219 398 382 460 coniungenda
391 411 475 463 passos
488 403 532 450 eet.

81 473 118 522 Ad
127 473 242 534 quartum
254 469 384 533 dicendum,
397 469 457 532 qnod
472 470 527 522 unio
538 467 627 520 Christi
637 470 665 520 ad
676 469 804 522 Ecclesiam
818 480 867 523 non

49 547 87 594 est
98 555 138 594 res
152 544 268 594 contente
281 539 306 590 in
319 542 363 591 hoc
377 544 528 604 sacramento,
541 543 580 594 sed
594 541 768 604 reesiguidcata
780 547 804 593 et
818 555 865 594 uon

50 617 179 675 coutenta;
196 616 221 662 et
234 612 303 663 talem
314 611 467 670 remnntinm
477 618 642 664 sacramentum
653 613 731 664 citicit.
744 613 787 666 Sed
796 615 866 666 babet

50 684 121 735 aliam
133 688 271 736 contentam
283 696 308 734 ac
321 683 477 747 significatam,
487 697 555 747 qoam
567 683 651 748 eiticit,
667 687 692 734 ut
703 685 799 736 dicetur.
813 687 867 736 bia-

5 799 6 810 .
51 755 125 819 gister
146 757 228 805 autem
242 753 309 818 ponit
322 767 370 803 rem
384 765 431 804 uon
445 757 589 817 contentam,
605 753 658 818 onia
676 759 724 804 erat
734 756 805 820 hujus
815 755 867 822 opi·

51 827 141 889 niente,
153 825 219 889 qnod
234 837 280 875 uon
297 825 390 874 baberet
404 836 451 873 rem
464 824 562 890 aliquam
576 829 714 876 contentam.

83 897 120 947 io
131 895 243 960 quintum
257 895 392 959 dicendum,
406 893 466 958 qood
480 893 583 946 etiamid
595 895 638 946 boc
652 899 795 947 sacramento
809 898 866 946 cunt

52 967 91 1018 illa
105 967 169 1030 tria3
182 967 239 1030 quia
255 968 444 1016 sacromentum
461 963 550 1016 tantdm
563 971 617 1017 suut
630 968 695 1016 actus
710 965 810 1017 exteribs
823 979 866 1031 ap·

51 1041 180 1103 parentes3
196 1038 239 1088 ned
254 1051 295 1086 rec
309 1041 334 1087 et
345 1040 531 1087 sacromentum
548 1040 584 1088 est
597 1037 705 1102 obligatio
721 1051 772 1102 que
784 1038 866 1087 innas-

52 1110 112 1160 citur
126 1109 175 1160 riri
189 1109 221 1158 ad
242 1109 374 1166 mutierem,
387 1121 417 1158 ex
436 1108 521 1158 talibus
540 1109 641 1172 actibns;
655 1108 696 1158 sed
715 1121 756 1157 rec
771 1108 865 1157 ultima

53 1187 181 1237 contento,
191 1183 229 1230 est
238 1179 332 1230 eftectus
342 1179 414 1244 trojus
428 1179 575 1245 sacramenti;
587 1194 636 1230 non
646 1181 762 1229 contento
776 1181 866 1241 antem,

54 1257 91 1306 est
102 1267 142 1306 rea
156 1265 228 1318 quam
240 1251 349 1316 Magister
362 1251 508 1302 determinat.

361 1393 522 1484 mitonins
538 1431 568 1482 tt.

132 1559 223 1606 Uirium
241 1559 479 1604 dedecoramentum
497 1557 603 1604 debuerit
620 1557 716 1604 institut
735 1560 793 1602 aute

398 1623 529 1678 peccatum.

88 1753 122 1804 id
141 1751 272 1802 secuudum
291 1751 324 1802 sic
342 1752 479 1818 proceditur.
495 1753 590 1804 Videtur
611 1750 679 1815 qodd,
694 1747 865 1800 matrimonium

57 1835 104 1874 nou
121 1823 229 1874 debuerit
245 1822 333 1872 institui
348 1827 403 1873 ante
417 1827 543 1887 peccatum.
558 1823 615 1881 Quia
634 1821 690 1872 iilud
705 1821 765 1886 qnod
785 1825 821 1870 est
835 1821 864 1874 de

55 1893 106 1958 jure
119 1893 238 1958 naturali,
254 1908 300 1944 non
314 1893 401 1959 indiget
414 1893 565 1946 institutione.
585 1893 632 1946 'Sed
645 1891 814 1945 matrimonium
828 1897 866 1944 est

59 1966 208 2031 hujusmodi,
223 1969 250 2016 ut
263 1979 293 2017 ex
311 1966 377 2017 dictis
396 1970 468 2031 patet.
483 1967 542 2030 Ergo
563 1980 610 2018 non
626 1966 702 2017 debuit
716 1965 815 2016 institui.

88 2043 113 2088 Ξ.
138 2039 269 2096 Proteum,
290 2042 431 2089 sacramenta
450 2041 503 2088 snut
521 2037 624 2104 qondam
644 2037 763 2089 medicine
783 2041 863 2089 contra

58 2110 162 2160 morbum
179 2107 280 2174 peccati.
295 2109 340 2160 Sed
362 2107 473 2159 medicina
494 2123 541 2160 non
553 2113 694 2173 preparatur
710 2109 756 2159 nisi
775 2107 863 2160 morbo.

58 2183 118 2246 Ergo
129 2183 185 2231 ante
195 2182 315 2245 peccatum
330 2193 376 2231 non
391 2180 468 2231 debuit
482 2180 579 2232 institui.

90 2257 114 2303 3.
129 2253 254 2312 Praeterea,
271 2248 298 2301 ad
312 2250 371 2304 idem
382 2250 497 2303 institutio
512 2266 556 2304 oua
571 2251 662 2302 sntdcit.
677 2251 724 2302 Sed
743 2247 865 2302 matrimo-

60 2325 123 2376 nium
146 2323 192 2372 init
210 2322 340 2373 institutum
363 2323 430 2374 etiam
445 2327 498 2389 nost
515 2328 633 2388 peccatum
644 2363 651 2384 ‚
662 2327 688 2373 ut
701 2323 724 2372 in
739 2321 813 2372 littera
829 2321 865 2374 di·

60 2397 129 2447 citur.
141 2395 204 2457 Ergo
221 2398 274 2444 aute
285 2397 405 2458 peccatum
418 2405 465 2446 nou
477 2395 523 2446 tuit
535 2395 674 2446 institutum.

92 2467 257 2526 torenna,
270 2464 383 2518 institutio
401 2466 537 2517 sacramenti
556 2466 622 2517 debet
634 2477 685 2516 esse
704 2463 785 2516 doen.
803 2465 865 2526 Sed,

63 2543 114 2589 ante
132 2539 267 2600 peccatum,
284 2533 352 2586 verba
373 2549 423 2600 qoae
442 2537 470 2586 ad
483 2535 652 2586 matrimonium
671 2535 804 2600 pertinent,
818 2549 866 2586 non
951 2545 952 2548 ’

64 2613 116 2662 aunt
129 2605 279 2660 determinate
290 2606 351 2658 dicta
360 2607 374 2658 b
384 2608 491 2669 iteo,sed
506 2607 534 2658 ab
548 2608 634 2670 ddam3
646 2607 684 2657 iila
696 2611 770 2657 autem
785 2607 867 2668 rerba,

65 2693 113 2744 qne
122 2679 183 2732 Dens
193 2676 264 2728 dixit:
278 2677 402 2728 «eremite
412 2681 436 2728 et
446 2675 661 2741 multiplicamini.»
672 2676 732 2727 dicta
746 2678 799 2726 sunt
812 2675 868 2724 bru·

67 2749 195 2810 bisetium,
212 2745 237 2798 in
255 2747 338 2812 quibus
352 2761 399 2797 uon
415 2749 451 2798 est
470 2746 647 2796 matrimonium.
672 2745 730 2810 Ergo
748 2745 867 2794 matrimo-

68 2821 129 2873 nium
143 2832 192 2871 nou
204 2817 248 2871 tuit
259 2819 388 2870 institutum
402 2822 455 2868 ante
465 2819 594 2888 peccatum.
837 2879 843 2890 .

99 2899 125 2945 n.
136 2889 264 2956 Pronum,
283 2889 453 2942 matrimonium
471 2891 508 2939 eet
529 2889 693 2938 sacramentnm
713 2893 779 2934 nora
799 2879 868 2942 ieme.
