1922 3332
118 135 164 182 388
262 143 462 194 scriturarum,
479 143 572 189 onusr.
588 142 661 194 nur,
673 143 730 182 aar.
747 145 774 181 rr.

113 223 200 270 cuntur
212 221 310 284 moveri,
326 217 417 285 propter
426 218 597 271 admirationem
610 219 720 271 novitatis
728 235 781 284 qun
794 220 820 272 in
834 221 918 272 mundo

118 293 170 356 crit,
185 295 246 344 sicut
260 293 283 344 in
300 293 377 342 littera
388 290 476 366 dicituro
485 291 534 354 (uiri
548 292 636 356 supr'a).
649 295 728 344 Potest
741 294 812 344 ctiam
833 294 918 358 exponi

117 369 186 432 prout
199 365 311 414 Virtutis
328 375 411 413 nomen
425 368 461 413 est
474 364 590 428 proprium
610 377 695 415 noman
706 363 811 414 ordinis:
828 369 853 416 ct
866 369 921 414 tunc

103 438 174 502 ¹ordo
189 436 229 486 ilic
245 434 328 485 dicitur
345 435 433 486 moveri
445 449 493 498 prm
509 435 572 496 aliia,
588 436 676 486 ratione
693 435 802 498 eliacim,
820 435 877 501 quia
889 435 921 486 illi

120 507 202 570 ordini,
212 504 336 558 sccundirm
347 505 479 570 Gregorium
491 507 607 572 (iiddom),
617 507 749 557 attribuitur
763 507 876 558 miracula
890 507 922 557 ta·

120 593 188 641 carc,
200 591 251 642 qua
265 575 363 628 marimo
375 577 433 626 circa
441 578 498 628 iliud
508 581 600 641 tamum
609 578 674 633 dant.
685 577 727 628 Vei
736 573 862 640 quia'ordo
872 578 919 638 ille,

119 650 172 704 cum
189 651 219 701 sit
229 649 258 700 dc
274 647 349 700 madia
361 648 501 711 hierarchia,
513 648 637 702 secundnm
657 649 807 714 dionysium,
824 650 871 702 tib.
889 651 924 700 De

121 723 184 774 Coel.
199 723 263 772 dica·⁸
275 721 284 786 (
296 735 347 784 cap.
366 721 464 784 timon
478 722 548 772 habat
563 721 689 784 potentiam
709 721 848 785 limitatam
862 722 923 774 unda

120 797 211 860 oportet
225 793 285 858 qudd
301 793 352 857 ejus
369 792 520 843 ministerium
543 793 575 844 sit
590 793 650 842 circa
669 794 922 846 masaa-uniuersales.

121 867 185 918 Unda
195 864 310 930 proprium
320 864 420 914 officium
429 864 541 914 Virtutum
555 877 605 915 assa
617 863 706 914 vidntur
715 877 812 926 corpora
821 863 925 918 suissuia

121 950 224 999 mouere,
235 950 286 1000 qum
294 939 348 986 suut
360 949 429 988 causa
442 949 520 987 sorum
532 949 584 999 qua
596 935 622 988 in
637 940 719 986 natura
731 935 837 986 interiori
851 949 923 999 agun-

122 1014 171 1072 tur;
187 1011 211 1060 at
222 1009 265 1058 hoc
283 1007 444 1071 ctiam-ipsum
458 1019 542 1058 nomcu
558 1009 637 1070 sonat,
648 1005 702 1071 quia
718 1007 835 1059 Virtutes
854 1006 925 1056 coto

81 1099 87 1122 ι
122 1095 181 1130 rum
198 1079 321 1131 dicuntur:
336 1083 391 1130 tunc
405 1091 459 1144 orgo
477 1079 659 1138 nwocbrratur,
669 1078 723 1141 quia
738 1079 766 1131 ab
777 1078 866 1132 edoctu
885 1091 925 1127 suo

121 1152 252 1213 cessabunt,
263 1149 360 1202 utterits
373 1163 467 1214 corpora
480 1151 580 1202 molestia
593 1163 640 1200 nou
652 1154 788 1211 mouentes,
803 1150 869 1200 ricut
882 1161 923 1200 nce

122 1222 211 1290 angeli,
228 1222 266 1286 qui
288 1225 342 1272 sunt
359 1221 386 1272 ad
405 1221 540 1271 custodiam.
551 1221 672 1272 homiuum
689 1220 806 1285 deputati,
826 1220 926 1272 uitcrids

120 1293 228 1346 custodia
241 1293 318 1344 officio
331 1293 451 1344 vacabunt.

60 1381 63 1403 ι
154 1365 187 1416 dd
199 1365 295 1428 primum
305 1375 359 1428 argo
368 1361 496 1426 dicandum,
510 1361 571 1427 qudd
580 1361 675 1414 mutatio
683 1361 722 1412 iiia
733 1372 779 1412 non
792 1363 870 1413 uariat
886 1362 925 1412 aii-

122 1435 176 1502 quid
197 1436 257 1501 quod
274 1435 302 1486 ad
317 1448 395 1486 corum
415 1437 499 1488 statum
517 1435 645 1498 pertineam
659 1434 700 1484 aad
717 1432 814 1484 raiartur
832 1435 875 1486 val
898 1433 925 1482 ad

121 1505 218 1560 odacrus
235 1521 314 1560 corum
325 1506 366 1570 qui
377 1505 494 1558 immutari
504 1511 601 1572 possunt
618 1505 669 1558 sina
685 1518 765 1556 corum
781 1507 922 1567 mutatione,

122 1582 158 1632 v'cl
172 1581 199 1630 ad
213 1593 295 1632 novam
310 1592 385 1631 rcrum
399 1579 616 1638 considerationem,
631 1589 699 1640 qnam
719 1575 782 1640 oriim
795 1577 923 1632 secantium

120 1652 210 1717 specics
222 1654 339 1702 concretas
351 1650 429 1708 uidere
442 1663 490 1700 non
498 1652 626 1714 potuerant.
641 1649 705 1701 Hauc
718 1651 795 1698 autem
807 1647 927 1700 vicissitu-

122 1715 199 1774 dinem
218 1723 380 1787 cogitationum
394 1722 422 1772 ab
442 1721 475 1773 cis
492 1721 674 1789 beatitudo‘unn
694 1719 769 1783 toliit3
785 1719 847 1772 unda
871 1719 927 1772 dicit

33 1825 35 1836 ·
123 1790 280 1858 Augustinus,
294 1794 335 1844 lin.
349 1794 387 1844 111.
402 1794 438 1842 Dc
460 1793 584 1844 Trinitate
600 1794 671 1857 (cap.
691 1792 740 1856 t),
756 1789 817 1856 quod
832 1809 847 1840 u
867 1794 925 1844 Dans
947 1833 948 1856 ἦ

124 1869 201 1916 morat
213 1869 339 1915 creaturam
355 1865 495 1928 spiritualem
511 1878 552 1928 par
562 1869 695 1930 tempora.»
947 1895 948 1932 t

155 1937 188 1987 td
202 1937 326 1987 secundum
343 1935 477 1999 dicendum,
494 1935 555 1999 qudd
572 1935 690 1988 admiratio
710 1937 768 1989 solor
779 1949 833 1990 asso
845 1937 876 1988 dc
891 1935 924 1986 tris
947 1985 948 2006 2

124 2023 174 2074 quaa
187 2012 288 2060 nostram
302 2006 455 2071 cognitionem
469 2008 582 2059 crcadunt
596 2009 633 2068 uei
645 2008 773 2060 facultatem
784 2023 792 2058 r
802 2012 828 2059 ct
841 2021 923 2060 secun·

124 2076 178 2132 dium
187 2082 231 2132 hoc
244 2079 340 2130 virtutes
351 2079 459 2130 coeiorum
473 2078 643 2132 admirabuntur
656 2079 756 2133 diuinam
766 2079 879 2132 uirtutem
892 2083 924 2128 ta·
947 2101 948 2104 ¹

123 2153 154 2202 tia
162 2152 292 2208 sociantem.
305 2149 328 2200 in
337 2153 447 2214 quantum
457 2151 485 2202 ab
493 2152 545 2212 cius
553 2151 680 2205 imitatione
688 2155 712 2203 at
721 2151 924 2216 comprehensione
947 2183 948 2206 r

123 2222 247 2280 deficiunt;
261 2234 302 2284 par
316 2234 384 2284 quom
398 2222 489 2272 modum
501 2221 558 2272 dixit
570 2221 637 2273 beata
649 2225 726 2286 Agnos
737 2223 816 2286 (apud
828 2223 924 2274 ambro
947 2229 948 2238 ¹

124 2294 194 2355 sium,
208 2292 248 2343 lib.
259 2293 304 2354 lt,
318 2290 386 2356 epist.
403 2292 466 2356 at),
482 2292 542 2358 qudd
557 2292 632 2356 cajus
644 2292 839 2357 pulchritudinem
856 2294 891 2346 soi
901 2294 923 2341 at
947 2317 948 2320 =

111 2363 177 2414 ¹iuna
190 2363 333 2415 mirantur.»
349 2363 377 2414 itt
386 2363 420 2417 sic
433 2377 480 2416 non
490 2365 582 2430 ponitur
594 2363 619 2414 in
628 2364 709 2428 angeio
722 2363 870 2428 ignorantia,
885 2361 922 2414 sod

123 2436 263 2487 tollituriiei
276 2436 458 2502 comprehensio.
617 2476 621 2485 ,
947 2457 948 2462 “

156 2507 189 2558 td
198 2507 289 2560 tertium
302 2512 366 2574 patet
376 2508 495 2574 responsio
508 2520 538 2558 cx
546 2507 622 2560 dictis.
