1976 3306
144 120 189 166 tto
267 111 463 159 nurrnnnnnrurr,
480 105 670 156 euasurum,
686 107 743 146 aar.
759 107 805 148 ru.

425 285 582 340 nantelinus
598 285 645 335 vlt.

322 410 478 468 Utritmium'a
486 409 577 461 interni
589 407 673 453 attento
687 409 761 452 terra.

176 545 340 610 annotinum
355 539 389 590 sin
402 534 537 602 proceditur.
549 530 711 594 niteturqntn
726 530 789 594 ignis
802 531 845 582 iile
853 546 899 586 nun
910 534 938 584 rit

147 619 189 670 rub
200 622 268 670 terra.
281 605 532 673 ouiatnt,xt111;de
544 601 636 655 nomine
644 602 758 652 intonato
771 601 860 654 dicitnr
873 620 880 653 :
892 606 938 654 «Et

147 691 176 740 de
191 687 244 738 orbe
255 681 375 735 transferet
385 691 438 731 eum
447 677 518 728 Dens.
530 691 544 722 u
553 673 612 736 Ergo
620 673 680 736 ignis
690 673 728 723 ilie
745 672 771 722 iu
782 687 833 736 quo
843 675 940 725 damuati

148 757 269 824 punientur
279 765 341 814 ,nou
361 753 396 802 est
409 748 451 799 sub
460 749 532 807 terra,
545 742 586 794 seui
599 748 635 794 eut
643 745 708 793 extra
725 743 818 795 orbem.

180 833 204 878 a.
224 827 352 886 Praeterea,
364 837 378 869 n
391 818 479 870 uultum
497 813 623 866 violentum
634 817 658 863 et
671 811 856 877 pereuntem,
871 820 942 880 poten

150 911 200 952 esse
215 894 385 957 sempiternum.
402 887 475 938 »Seri
490 885 549 949 ignis
562 883 601 935 ille
612 882 654 935 en't
665 883 689 932 in
708 882 806 934 inferno
823 885 852 935 in
863 888 942 950 senn-

150 975 249 1020 ternum¹
261 966 319 1028 Ergo
332 973 377 1014 unu
390 958 433 1011 erit
445 957 477 1007 ini
486 968 527 1022 per
535 953 679 1015 uiolentiam,
693 953 893 1010 seouatnraliter.
903 959 941 1007 set

152 1040 194 1091 sub
208 1042 267 1088 terra
285 1047 331 1085 uon
350 1033 492 1096 potestesse
508 1024 585 1090 ignis,
598 1023 645 1076 uisi
662 1037 702 1088 per
721 1023 875 1077 uiolentiam.
890 1028 940 1090 tirno

149 1111 212 1175 iguis
225 1105 307 1158 interni
322 1117 368 1158 nou
381 1102 417 1154 est
433 1099 473 1150 sub
485 1101 553 1148 terra.

185 1185 208 1230 3.
217 1181 334 1238 Preteuu
343 1175 369 1224 in
379 1173 432 1236 igue
443 1167 528 1222 interni
536 1165 612 1218 onnia
621 1177 713 1229 uoruorn
725 1166 891 1220 damnator-nm
899 1173 944 1233 pont

154 1251 214 1303 diem
231 1245 311 1308 iudicii
327 1241 493 1296 cruciabuntur.
507 1237 553 1288 Suel
565 1237 604 1288 itta
615 1248 708 1299 corpora
718 1235 797 1286 louurn
815 1239 943 1304 replebunt.

154 1325 227 1383 Ergo,
240 1316 291 1369 cun
307 1315 382 1364 futura
401 1311 432 1361 sit
448 1307 546 1360 maxima
561 1303 680 1358 multitudo
699 1304 881 1371 damnatorum,
898 1308 945 1372 qnia

157 1390 298 1442 «stultorum
307 1383 449 1434 infinitusest
458 1389 573 1440 numerus,
582 1389 596 1424 u
605 1373 683 1434 Enni„
691 1374 710 1425 Ι.
721 1375 852 1428 maximam
860 1381 946 1443 oportet

156 1475 206 1516 erse
227 1455 365 1524 spatiunin
380 1465 425 1516 quo
441 1450 503 1514 ignis
514 1448 552 1500 ille
565 1446 700 1499 continetur.
719 1446 765 1497 Sed
779 1444 946 1499 inconvenieus

156 1532 245 1582 uidetur
261 1529 337 1578 ninere
349 1523 407 1574 iutra
423 1524 504 1572 terram
525 1530 577 1570 esse
598 1521 683 1567 unum
701 1515 889 1581 concavitatem,
900 1517 947 1568 etrn

157 1605 234 1667 nantes
248 1603 311 1650 terrae
327 1592 456 1645 naturaliter
473 1591 573 1640 terantur
586 1587 620 1645 ad,
633 1585 742 1636 medium.
758 1585 819 1648 nugo
834 1586 901 1650 iguis
913 1587 947 1637 itte

158 1686 204 1727 uon
216 1669 261 1723 erit
275 1667 317 1719 sub
327 1669 395 1716 terra.
634 1707 637 1710 .

190 1746 213 1792 t.
227 1742 354 1798 Proteum,
371 1735 441 1797 Sap„
456 1732 505 1782 iii:
521 1729 589 1780 «Per
605 1741 654 1792 qnae
669 1727 750 1790 petunt
762 1725 830 1789 quis,
843 1740 889 1791 per
901 1730 948 1778 nze

161 1813 316 1875 attenuantur,
326 1823 340 1853 n
351 1804 409 1856 siout
418 1803 467 1867 jann
477 1799 552 1864 suunt.
567 1800 611 1850 Sed
624 1797 678 1848 maii
690 1810 759 1860 super
771 1801 857 1848 terram
871 1811 948 1863 μω.

161 1887 250 1937 uerunt.
259 1881 318 1942 nego
329 1876 389 1940 ignia
403 1886 442 1925 eos
455 1871 550 1936 puniens
563 1882 610 1921 nou
622 1870 689 1921 debet
699 1880 751 1918 esse
762 1868 805 1918 sub
815 1872 886 1919 terra.

191 1955 236 2006 Sed
246 1954 324 2004 eontra
337 1952 373 2002 est
383 1983 390 2008 ,
401 1946 461 2008 quod
473 1940 555 1994 dieitur
563 1943 632 1998 Irni..
645 1941 694 1992 xiv
708 1954 715 1991 t
728 1957 742 1988 u
753 1938 860 1990 internus
874 1940 949 1990 suune:

162 2025 306 2079 conturbatus
317 2024 352 2072 est
364 2017 389 2068 iu
400 2028 521 2068 occursuro
532 2013 643 2066 aduenis
654 2009 688 2061 tui
695 2009 737 2072 (i).
745 2025 760 2056 n
771 2011 832 2074 Ergo
843 2009 902 2073 ignia
909 2010 949 2058 in-

162 2097 220 2150 terni
230 2096 272 2147 sub
282 2091 348 2144 uobis
365 2091 409 2140 est.

193 2169 313 2226 Praeterea,
323 2156 443 2224 Gregorius
453 2153 508 2208 dicit
518 2155 542 2204 in
554 2154 591 2205 lt.
607 2153 716 2216 Diutoq„
730 2163 783 2215 nup.
794 2152 826 2202 tu
842 2164 848 2201 ε
863 2167 878 2200 α
892 2151 949 2210 Quiri

162 2238 235 2290 obstet
253 2248 299 2285 uon
311 2233 394 2292 vineo,
407 2232 433 2279 ut
450 2228 492 2280 sub
505 2231 564 2278 terra
578 2225 679 2276 internus
689 2233 739 2274 esse
751 2222 866 2272 eredunt.
878 2238 893 2269 r

193 2310 312 2364 Praeterea,
324 2304 407 2356 Jonoe,
422 2299 459 2359 11,
475 2309 542 2361 super
556 2295 611 2346 illul
623 2309 629 2344 :
643 2311 656 2342 u
670 2292 789 2356 Projeoisti
801 2293 872 2342 mein
884 2293 948 2344 eorde

162 2379 245 2436 maris,
259 2391 273 2423 u
291 2373 368 2424 titossa
383 2367 548 2429 interlinearis,
563 2366 587 2418 inl
605 2371 655 2426 est,
675 2366 702 2414 in
718 2365 827 2428 inferno.
849 2363 895 2413 Pro
908 2375 949 2425 quo

161 2449 242 2500 dieitur
259 2441 428 2506 intrarentin,
443 2441 547 2494 Mutat..
561 2437 620 2498 xii,
639 2453 653 2484 n
666 2434 691 2485 iu
700 2435 768 2485 corde
780 2437 859 2495 terrae3
871 2448 887 2478 n
899 2431 949 2496 qnia

162 2519 222 2569 siunt
234 2529 272 2567 eor
283 2512 349 2566 estin
357 2511 431 2562 medio
443 2508 559 2572 animalis,
571 2505 601 2557 ita
610 2512 634 2557 et
647 2505 749 2556 infernus
758 2503 783 2554 in
798 2503 876 2553 muno
887 2507 949 2553 terre

162 2601 214 2639 esse
227 2586 365 2651 perhibetur.

194 2659 352 2721 (Concnusro.
366 2680 396 2692 -
415 2654 443 2703 nt
458 2652 476 2702 si
493 2650 568 2700 nullus
579 2647 623 2698 uini
636 2647 650 2698 n
661 2645 747 2710 Spiritu
760 2647 840 2696 saneto
850 2645 948 2703 edoctus,
976 2687 977 2698 ,

197 2799 232 2863 (1)
245 2803 296 2847 Non
310 2800 334 2844 in
343 2809 462 2846 occursum
475 2791 687 2851 antenominati,
698 2785 769 2837 uthie
779 2789 855 2836 rideri
866 2793 949 2847 posset,
