2008 3296
171 173 203 212 nu
216 168 382 210 ursruaeoanru
398 169 427 207 nr
443 167 549 207 susurras
566 169 619 217 nar,
636 167 689 208 nac.
782 159 830 208 iti

21 261 127 314 quens,
138 247 161 298 si
171 247 284 298 luodeuru
297 243 371 296 earnis
383 243 496 308 patiatur,
513 243 564 294 siue
577 241 646 295 dubio
659 242 777 309 rapadalrit
789 245 832 299 sed

26 335 83 372 non
103 318 196 384 peribit.
214 317 240 367 Si
254 315 306 380 quis
323 317 400 366 entem
422 313 496 364 solum
510 313 644 366 exercitium
663 315 765 380 corporis
785 312 828 368 da·

26 390 131 452 buerit,
145 399 256 454 perennes
276 397 355 450 poenas
373 383 483 450 patietur.
503 383 592 448 »Ergo
609 383 653 434 illi
665 385 705 448 qui
722 385 830 438 insistam

25 461 146 526 operibus
162 455 335 519 misericordie,
349 459 373 506 et
383 453 485 518 peccatis
496 453 623 506 oarualilrus
637 453 829 520 det'ureutur,uou

23 531 57 583 in
68 535 180 582 aternum
195 527 359 594 punientur;et
370 525 404 575 sie
421 523 483 576 idern
495 525 555 588 quod
568 523 641 590 prius.

66 603 115 654 scd
126 603 204 652 contra
217 602 261 661 est,
271 597 331 661 quod
346 595 428 647 dicitur
436 595 446 645 1
454 594 489 646 oct
501 595 571 652 Coo..
580 595 616 646 vl
626 609 634 646 s
645 609 661 644 u
672 593 828 661 diequetorut.

25 675 106 736 carii,
117 683 192 737 neque
212 669 324 732 adulteri,
338 671 396 729 ete„
410 679 505 732 mgnum
520 665 562 718 llei
580 665 763 730 possidebunt.»
781 668 827 721 Sed

25 745 103 798 mulli
118 745 158 808 qui
175 753 200 794 se
218 743 325 792 exercent
343 739 369 789 in
381 738 487 802 operibus
502 736 672 799 misericordie,
687 740 742 790 sunt
757 736 824 790 tales

24 819 94 880 Ergo
105 827 152 866 uon
162 822 242 864 omues
253 807 409 860 misericordes
419 808 447 859 ad
459 819 554 871 reguum
562 809 670 860 aurnum
679 807 825 874 peruenieutp

24 894 57 940 et
69 888 103 939 ita
112 884 181 948 aliqui
191 891 268 935 eorum
277 879 412 932 eternaliter
420 877 554 944 punientur.

65 959 196 1018 Preterea,
214 951 307 1010 Jacob..
322 951 353 1011 li,
366 949 450 1002 dieitur
463 964 471 1000 a
487 948 655 1013 eodenmque
668 951 740 1002 tolum
750 949 826 1016 legens

25 1027 169 1088 seruaverit,
177 1023 278 1078 oileudat
286 1021 395 1074 autentu
405 1019 692 1082 nno,laotusestourniuur
701 1021 825 1087 reputit.»

25 1105 95 1164 Ergo
113 1097 248 1164 ducumque
261 1091 422 1154 serratlegern
434 1089 509 1154 quoad
525 1101 595 1154 opera
608 1088 781 1154 misricordiae,
799 1101 826 1150 et

24 1169 131 1237 negligit
143 1167 187 1220 alia
203 1177 288 1230 opera,
304 1166 392 1214 reatum
404 1161 434 1212 de
450 1158 627 1223 transgressione
639 1160 697 1224 lepis
706 1155 823 1229 iacuret3

24 1250 59 1300 et
73 1245 106 1295 ita
116 1238 251 1296 eternaliter
260 1234 375 1302 punietur.
695 1259 696 1264 κ

66 1317 226 1381 (concursio.
237 1334 267 1350 -
277 1307 335 1358 (idm
347 1305 404 1357 nihil
414 1305 464 1374 siue
475 1302 585 1356 charitate
594 1301 623 1354 ad
635 1301 706 1353 uttan
716 1305 824 1358 sornam

24 1387 143 1457 prodesse
158 1379 246 1445 possit,
258 1391 301 1431 uec
313 1377 371 1428 tides
393 1387 436 1426 neo
448 1385 518 1440 opera
529 1371 688 1424 misericordie
701 1373 797 1438 eripient
809 1374 824 1426 d

23 1467 102 1526 prena
112 1455 244 1506 aetnaeos
257 1449 297 1513 qui
307 1460 359 1499 caua
371 1447 465 1512 peccato
473 1443 563 1496 mortali
574 1442 743 1504 decesserint.)

63 1523 201 1590 Respondeo
211 1519 349 1580 dicendum,
360 1515 421 1580 dudd
434 1515 494 1566 sieut
504 1513 645 1576 Augustinus
657 1511 715 1564 dicit
725 1513 750 1563 in
764 1512 824 1567 libro

26 1596 143 1664 predicto
155 1595 217 1656 (cup.
232 1595 261 1641 it
270 1588 291 1653 ),
301 1587 393 1652 qudam
405 1589 531 1652 posueruut
543 1595 592 1635 uon
603 1594 683 1636 omues
697 1582 737 1648 qui
744 1583 822 1637 catlro-

26 1672 102 1722 licam
114 1665 182 1717 tidem
194 1664 288 1723 tenent,
301 1659 316 1710 d
331 1669 400 1724 puna
415 1659 500 1708 eterna
512 1667 564 1706 esse
575 1652 721 1713 liberandos,
731 1653 772 1705 sed
783 1665 822 1706 so-

26 1743 81 1794 llum
94 1737 146 1788 illos
159 1733 199 1799 qui
215 1729 322 1798 operibus
334 1726 492 1780 misericordia
503 1725 620 1788 insistam,
636 1725 740 1788 pruris
750 1724 822 1776 etianr

27 1810 85 1863 aliis
94 1805 225 1858 criminibus
239 1802 286 1854 siut
295 1799 401 1866 subjecti.
414 1796 459 1849 sed
469 1796 531 1848 istud
541 1807 588 1847 uon
598 1796 675 1860 potest
684 1796 758 1856 stare3
767 1796 821 1859 qnia

26 1883 85 1936 sine
98 1876 206 1929 ehuiute
219 1885 265 1925 uon
276 1873 352 1937 potest
364 1867 449 1932 aliquid
457 1865 504 1918 Deo
514 1877 567 1916 esse
579 1866 705 1929 acceptum,
716 1875 760 1916 noc
768 1865 822 1918 siue

26 1967 58 2005 ea
75 1947 169 2015 prodest
177 1946 260 2010 aliqnd
272 1943 301 1995 ad
314 1941 383 1992 uitam
395 1935 637 2000 eternam.cootingit
649 1937 723 1986 auteur
732 1935 822 1998 adqnos
900 1936 903 1942 '

27 2019 144 2144 tritt
152 2011 445 2150 adlatrandi
456 2005 819 2141 dldliiiilrlllrimtl

759 2111 767 2138 t

31 2163 59 2214 ud
72 2157 238 2210 immunitatem
252 2159 344 2208 aternu
358 2163 442 2215 poene,
455 2152 482 2201 ut
491 2147 575 2212 pareto
587 2145 623 2196 od
636 2143 706 2202 Gor„
715 2145 774 2196 xltt.
790 2145 820 2196 Et

28 2227 146 2298 precipue
156 2227 201 2277 troc
217 2227 312 2289 apparet
322 2223 443 2272 absurdunt
457 2219 483 2270 ln
497 2215 634 2282 raptoribus,
644 2213 685 2280 qui
700 2214 770 2266 rnulta
783 2225 819 2264 ra-

26 2304 108 2368 piunt,
121 2302 144 2350 et
155 2299 233 2346 tanuen
241 2294 317 2357 aliqua
330 2288 502 2342 misericorditer
519 2287 654 2352 largiuntur.
669 2285 699 2336 El
715 2284 768 2341 ideo
782 2283 819 2336 di·

27 2370 128 2426 cendum
138 2365 199 2432 quod
211 2365 346 2429 quecunque
358 2371 410 2411 curn
427 2362 522 2423 peceato
533 2357 622 2408 mortali
633 2355 761 2416 decedunt,
774 2367 817 2408 uec

27 2445 89 2494 fides
105 2451 149 2490 nec
158 2448 227 2501 opera
239 2431 396 2485 misericordie
413 2441 454 2480 eos
465 2428 591 2479 iuuabunt
603 2427 617 2478 a
629 2437 697 2492 prena
716 2430 816 2489 aterna,

28 2514 103 2566 etiarn
113 2511 166 2574 post
177 2509 381 2572 quantumcumque
392 2499 490 2566 padano
502 2497 618 2562 temporis.

62 2583 98 2638 nd
110 2581 207 2646 punam
220 2588 274 2640 erpo
284 2574 418 2636 dicendum,
428 2569 532 2636 proditi
546 2567 721 2620 misericordiam
738 2577 816 2621 eonsc-

64 2747 97 2810 (1)
110 2748 166 2802 outa
182 2743 239 2790 lauit
250 2738 358 2788 adversius
375 2738 509 2786 charitatem
520 2735 543 2780 in
557 2745 604 2790 qua
613 2733 716 2789 pendent
727 2732 808 2792 ourulo¹

30 2822 59 2862 ut
70 2809 131 2858 neda
143 2808 175 2854 ibi
184 2812 258 2864 notat,
269 2802 330 2860 quod
340 2807 366 2847 et
377 2813 406 2848 ex
418 2799 561 2859 Augustino,
573 2795 647 2854 Epist.
659 2794 745 2856 XXIX,
758 2795 813 2842 Hie-

30 2883 129 2934 roupmu
142 2870 252 2930 iuscripta
263 2869 387 2913 mutuatur.
