1948 3312
173 101 205 138 DE
220 99 301 138 1³08ss
317 99 409 140 tuotcts
425 100 551 140 tadinatis
565 104 598 142 AD
612 101 732 144 JUDICIUI·
805 117 851 168 535

50 172 142 226 Filium
156 174 258 226 hominis
274 173 403 226 venientem
420 175 446 226 in
462 176 521 228 nube
536 189 586 227 oum
605 181 716 242 potestate
736 191 816 245 magna
831 187 855 234 et

52 245 211 309 majestate.»
224 245 332 308 Maiestas
346 249 420 295 autem
430 249 454 296 et
468 249 569 310 potestas
583 249 610 300 ad
624 249 717 313 gloriam
729 254 852 314 pertinent.

52 314 118 378 Ergo
129 315 155 365 in
167 315 240 366 torma
249 315 345 378 gloriosa
359 315 485 380 apparebit.
596 309 601 324 ‘

85 387 219 450 Praeterea,
234 386 273 437 ille
288 387 329 449 qni
347 386 448 450 judicat,
468 387 534 439 debet
556 388 655 442 eminere
669 390 714 442 illis
734 392 775 456 qui
788 392 853 457 judi-

54 461 149 506 cantur.
159 456 205 507 Sed
216 457 282 507 electi
290 455 328 520 qui
337 457 498 519 judicabuntur
511 457 524 508 i
535 459 639 521 Christo,
651 473 744 526 corpora
757 462 853 527 gloriosa

54 526 185 578 habebunt.
202 527 260 592 lirgo
273 527 343 580 multo
362 526 444 580 tertiis
458 527 530 592 iudea
544 529 570 580 in
583 531 654 582 torma
669 530 764 594 doricae
782 547 852 600 appa-

54 597 126 649 rebit.
863 635 865 638 -

87 669 218 729 Pretorio,
236 668 296 719 sicot
315 667 411 733 judicari
430 672 465 719 est
483 668 632 734 intimitatis,
646 671 679 723 ita
696 672 797 736 judicare
815 681 851 730 est

56 738 205 790 authoritatis
218 741 241 789 et
255 738 338 802 glorie.
359 739 421 798 Sed,
435 739 460 789 in
473 739 546 803 primo
562 741 669 806 aduentu,
681 758 726 807 quo
746 747 852 800 Christro

55 808 122 860 venit
137 809 164 858 ad
180 809 224 860 troc
240 807 299 872 quod
308 809 454 873 judicaretur,
464 807 487 858 io
499 810 570 862 lomna
586 810 721 864 infirmitatis
736 819 850 882 appamit.

56 879 126 941 largo,
141 878 165 926 in
180 879 279 929 secundo
296 881 406 940 aduentu,
423 878 447 928 in
465 881 601 943 proveniet
618 884 646 934 ad
659 885 703 935 hoc
719 889 745 938 ut
755 887 849 953 judicet,

56 948 177 1013 apparebit
190 949 298 1000 informa
311 948 415 1012 gloriosa.

90 1018 252 1082 (concauam.
263 1045 294 1058 -
307 1019 370 1069 Sicut
383 1020 457 1072 decuit
476 1021 587 1073 christum
594 1059 603 1086 ,
615 1027 640 1074 ut
652 1039 694 1090 pro
706 1027 772 1080 nobis
790 1032 850 1094 apud

57 1089 150 1141 Patrem
174 1090 326 1153 satisfaceret,
345 1090 439 1141 termam
457 1093 517 1142 servi
532 1093 646 1158 accipere;
663 1097 696 1146 sic
713 1100 850 1152 mureniens

56 1163 131 1212 estut
140 1160 164 1210 in
172 1159 258 1222 jndicio
272 1159 351 1211 ultimo
363 1161 387 1211 in
398 1161 468 1224 gloria
480 1173 520 1212 soa
528 1168 644 1228 appareat,
655 1165 766 1229 justitiam
777 1170 850 1222 Patris

57 1229 83 1280 in
98 1229 204 1281 homiues
218 1230 437 1292 demonstraturus.)
543 1248 546 1253 ·

89 1301 227 1364 Respondeo
238 1301 371 1364 dicendum,
381 1301 440 1364 qudd
458 1301 559 1353 Christus
572 1302 651 1354 dicitur
665 1305 730 1356 oltei
742 1310 765 1358 et
773 1307 850 1358 horni-

57 1383 113 1420 num
126 1369 237 1422 mediator
250 1371 334 1435 (1.αά
351 1371 424 1435 Tim,
436 1371 455 1422 ll
467 1371 492 1436 i,
507 1372 532 1423 in
548 1377 655 1436 quantum
666 1388 707 1439 pro
722 1376 849 1430 hominibus

57 1441 170 1491 satisfacit
187 1445 211 1491 et
221 1441 347 1506 interpellat
357 1442 417 1506 apud
430 1443 526 1503 Patrem,
541 1460 555 1490 u
570 1443 606 1492 ool
615 1445 696 1505 nom„
710 1445 769 1508 Vlll,
783 1449 850 1498 etad

58 1511 146 1569 licor„
159 1511 205 1573 lll,
218 1514 341 1575 escaque
358 1515 409 1562 sunt
419 1512 494 1562 Patris
506 1512 633 1563 hominibus
646 1515 805 1579 communicat,
813 1529 850 1568 se·

58 1580 158 1632 cundum
170 1582 230 1645 quod
243 1582 323 1633 dicitur
338 1585 420 1640 loon„
432 1582 513 1636 llVll:
528 1583 677 1634 «Claritatem
690 1597 757 1648 quam
771 1587 846 1639 dedist

57 1652 131 1714 mihi,
141 1653 194 1704 dedi
204 1652 248 1705 eis.
266 1669 280 1702 o
294 1653 419 1706 secundior
431 1655 475 1706 lroc
484 1657 559 1706 autem
571 1656 691 1718 utrumque
703 1657 724 1705 ei
735 1657 850 1722 convenit,

57 1722 120 1786 quod
134 1736 185 1773 cum
195 1719 290 1787 utroque
301 1723 620 1776 communicatextrernorum.
629 1725 656 1774 ln
668 1729 776 1788 quantum
789 1727 852 1780 enim

59 1807 112 1844 cum
129 1793 257 1846 hominihus
273 1793 438 1858 communicat,
451 1793 513 1845 uices
525 1795 640 1845 hominum
658 1795 716 1860 gerit
730 1797 791 1862 apud
804 1800 852 1849 Pa·

57 1868 117 1915 trem
126 1865 173 1928 ;·in
190 1869 297 1929 quantum
311 1864 365 1918 veri
380 1878 431 1916 cunr
445 1865 511 1916 Patro
528 1867 694 1932 communicat,
709 1869 767 1922 dona
778 1871 851 1923 Patria

57 1935 193 1986 transmittit
206 1937 233 1987 ad
249 1937 361 1987 homiues.
380 1935 436 1995 Quia
449 1948 501 1998 ergo
520 1935 631 2000 imprimo
649 1939 747 1990 adventu
766 1941 795 1990 ad
808 1941 851 1992 hoe

57 2007 123 2056 vonit
137 2011 162 2056 ut
173 2019 215 2070 pro
230 2008 296 2058 uobis
307 2007 447 2058 satislaccret
461 2008 519 2072 apud
537 2009 636 2070 Patrem,
648 2010 673 2060 in
686 2011 757 2060 torura
768 2016 851 2066 nadre
946 1999 949 2008 ’

57 2075 197 2128 infirmitatis
205 2078 319 2142 apparuit;
332 2079 385 2142 quia
398 2077 452 2129 uerd
463 2078 487 2128 in
499 2065 597 2130 secundo
606 2081 703 2130 aduentu
718 2079 745 2130 nd
756 2081 799 2131 hoc
810 2095 851 2134 re·

58 2146 108 2198 niet
129 2151 154 2196 nt
169 2148 281 2212 justitiam
300 2150 374 2200 Patris
390 2149 414 2198 io
430 2149 534 2200 hominos
551 2154 687 2212 exequatur,
700 2151 851 2204 demonstrare

58 2217 268 2282 gloriamdcbebit,
285 2232 335 2282 qoae
346 2219 408 2270 inest
418 2218 440 2270 ei
452 2232 480 2270 ex
493 2217 695 2271 communicatione
712 2221 739 2271 ad
751 2220 848 2274 Patrem.

58 2289 88 2339 Et
102 2289 153 2339 ideo
163 2289 187 2340 in
197 2290 268 2340 torma
283 2290 378 2354 gloriosa
392 2289 515 2354 apparebit.
766 2309 768 2313 ·

89 2359 125 2411 lo
136 2360 233 2423 primum
250 2373 303 2424 ergo
316 2360 449 2423 dicendum,
467 2357 524 2422 qudd
542 2358 567 2408 io
582 2359 660 2410 eadem
673 2371 740 2410 carue
755 2372 849 2424 appare-

59 2431 106 2493 lit,
122 2431 161 2481 sed
175 2443 220 2482 uon
234 2431 336 2482 similiter
349 2445 373 2481 se
385 2432 489 2483 labeum.

91 2502 124 2553 lld
142 2503 263 2554 secundum
283 2503 413 2564 dicendum,
426 2500 486 2566 qodd
499 2500 587 2564 signum
605 2499 676 2551 cruda
696 2502 812 2566 apparebit
824 2501 848 2554 iu

57 2571 153 2641 judicio,
162 2585 208 2622 non
217 2573 244 2622 ad
256 2573 363 2624 indicium
374 2576 426 2623 tunc
438 2570 555 2622 existentis
568 2569 721 2634 infirmitatis,
737 2572 776 2622 scd
790 2584 850 2636 pre·

60 2643 146 2705 terite,
161 2647 186 2694 ut
203 2657 243 2708 per
257 2645 301 2694 troc
320 2644 403 2708 iustior
419 2641 574 2694 condemnatio
593 2653 671 2691 eornm
686 2647 792 2707 appareat
808 2643 848 2706 pul

60 2719 146 2767 mnam
164 2715 340 2766 misericordiam
360 2715 508 2778 neglexerunt
519 2749 525 2773 ,
538 2717 562 2763 et
582 2725 659 2764 eoruur
681 2713 795 2778 precipue
808 2714 850 2777 pul

61 2785 173 2839 christum
183 2785 269 2850 iniusto
279 2786 460 2851 persecutisuat.
476 2783 599 2836 Cicatrices
613 2787 687 2837 autem
699 2799 749 2850 qna
765 2785 789 2835 in
800 2785 850 2848 aas
