1932 3330
283 165 314 204 us
330 164 471 204 sussionis
487 165 646 205 nonrnorrnrr·
819 157 863 206 tot

97 242 259 308 (Conndsro.
272 267 302 282 -
313 241 439 306 Suffragia,
452 243 477 293 iu
494 246 602 308 quantum
624 247 677 294 suut
691 243 866 296 satisfactiones

65 327 94 366 ex
113 314 250 366 intentione.
258 313 364 365 facientis
377 315 492 367 translate
505 315 530 366 in
549 318 651 367 morinos
659 352 668 378 ,
683 315 756 380 tnagis
770 317 873 380 prosunt*

65 388 87 438 si
101 399 198 452 proquo
211 386 353 450 singulariter
365 386 437 450 dunt,
452 387 519 452 qu'srn
533 402 583 452 que
597 387 655 438 flunt
667 400 708 453 pro
719 400 746 439 eo
760 391 784 438 et
798 401 864 440 conr-

64 460 166 512 mnniter
178 471 219 525 pro
230 458 296 523 aliis;
312 457 335 510 iu
345 463 456 523 quantum
469 459 522 512 vcrd
537 460 693 525 accipiuntur,
707 463 733 510 ut
744 461 822 512 valent
834 475 863 512 ex

62 532 152 584 virtute
162 529 292 595 charitalis,
306 533 445 584 tantumdem
464 531 562 594 singulis
580 535 676 596 prosunt
688 545 715 582 ac
729 531 749 583 si
762 545 803 598 pro
818 546 863 584 uuo

61 604 155 657 tautirur
169 604 269 668 fierent.)
608 659 612 666 ‚

94 678 233 741 Respoudeo
243 675 380 739 dcendurn,
397 675 459 740 dudd
471 675 492 726 si
506 677 571 728 ralor
587 676 745 741 suffragiorum
756 677 862 730 couside-

59 751 125 800 retur
138 747 263 799 sccunddm
274 749 334 811 quod
342 747 418 798 valent
426 761 455 799 es
465 748 549 800 virtute
557 747 672 800 charimis
680 747 780 800 nuioutis
790 763 863 800 rueru-

58 822 101 872 lrra
114 820 240 883 Ecclesia,
255 819 360 884 sullragia
373 834 413 884 pro
424 819 502 870 multis
514 819 575 870 lacta
588 823 677 870 tanturn
694 820 789 882 siugulis
803 834 861 886 pro-

58 897 114 942 sunt
124 905 152 942 ac
164 892 184 942 si
194 905 234 958 pro
248 905 294 943 uno
303 891 391 942 tantdur
405 891 500 942 fierent:
511 889 566 956 qnia
575 891 673 942 channe
687 892 857 958 uonrniuuitu'r,

57 965 77 1014 si
94 963 210 1015 dividatur
223 963 319 1014 effectus
336 963 386 1027 ejus
399 963 424 1014 iu
440 962 538 1025 multos,
553 962 600 1015 iurd
614 963 686 1026 magis
706 966 817 1027 augetur3
834 970 858 1016 ct

57 1034 167 1087 similiter
184 1034 253 1088 ctiam
274 1036 380 1098 gaudium
400 1034 485 1100 qnantd
503 1033 606 1100 pluribus
627 1039 662 1086 est
683 1047 820 1096 commuue,
835 1037 861 1087 tlt

58 1108 189 1172 majus‚nt
205 1106 259 1158 dicit
272 1103 478 1172 augustiuustllll.
494 1107 604 1171 confess.
615 1105 677 1171 (cap.
694 1106 729 1171 t);
744 1109 767 1157 el
781 1107 815 1157 sio
831 1109 860 1160 dc

57 1193 106 1230 uuo
119 1180 182 1230 bono
198 1179 259 1231 lacto
273 1192 319 1230 non
332 1177 407 1229 urinis
418 1178 524 1229 letantur
534 1177 600 1228 multi
610 1178 636 1228 in
646 1178 778 1242 purgatorio
791 1179 860 1244 quim
928 1200 932 1210 ·

56 1263 129 1301 uuus.
145 1251 169 1301 Si
190 1254 266 1302 antem
281 1247 435 1300 consideretur
450 1249 513 1299 valor
527 1247 687 1312 suffragiorum
708 1247 733 1298 iu
748 1255 859 1313 qnantum

57 1327 114 1374 sunt
127 1321 294 1374 satisfactiones
302 1323 405 1386 quedam
415 1334 457 1385 per
465 1320 614 1372 intentionem
624 1319 733 1370 facientis
743 1322 859 1374 tmnslate

57 1395 83 1444 in
101 1398 221 1462 mortuos,
236 1398 291 1444 tuuc
304 1393 377 1457 magis
391 1393 451 1444 velet
464 1392 597 1456 suffragium
610 1391 678 1442 alicui
698 1392 758 1455 quod
771 1405 812 1455 pro
831 1407 858 1445 eo

57 1465 205 1532 singulariter
216 1468 250 1530 lit,
261 1465 328 1532 quim
341 1467 400 1530 quod
410 1465 435 1517 tlt
444 1479 485 1531 pro
495 1478 523 1517 eo
534 1463 683 1516 communiter
697 1468 720 1514 st
730 1477 772 1528 pro
782 1465 859 1517 multis

58 1537 111 1588 aliis
129 1553 135 1588 :
150 1539 185 1588 sic
196 1538 257 1590 enirn
272 1538 365 1590 effectus
378 1537 536 1602 snllrapiorum
556 1537 665 1588 dividitur
678 1547 708 1586 ex
720 1535 797 1586 diviua
807 1537 859 1601 jus·

58 1609 110 1662 titia
118 1609 180 1661 iuter
196 1623 237 1662 eos
247 1623 289 1676 pro
303 1609 385 1673 quitus
396 1608 503 1673 sutfragia
513 1610 579 1658 finnt.
590 1607 796 1672 lludepatetrqudd
808 1609 859 1660 hec
918 1661 927 1680 ⁸

58 1681 155 1746 questio
171 1681 286 1747 dependet
299 1696 327 1733 ex
340 1681 423 1748 prima,
437 1687 461 1732 et
474 1695 503 1732 en
517 1683 562 1732 lroc
575 1681 644 1732 etiam
657 1683 721 1745 patet
733 1693 803 1742 quare
820 1680 857 1730 iu-

58 1752 163 1802 stitutum
176 1753 206 1803 sit
220 1756 246 1802 ut
259 1753 363 1817 suffragia
375 1752 481 1818 specialia
495 1753 520 1802 in
532 1752 633 1802 Ecclesia
647 1753 710 1802 itaut.

89 1823 123 1874 rid
135 1823 235 1890 puerum
252 1837 306 1888 crgo
320 1825 457 1885 dicendum,
473 1823 533 1888 qndd
548 1818 693 1886 sdllragia'ut
713 1825 767 1874 sunt
785 1823 857 1874 satis-

58 1895 171 1948 laotioucs
188 1897 292 1960 quadarn
298 1934 307 1960 ,
318 1909 364 1947 non
374 1899 468 1960 prosunt
476 1909 517 1960 per
526 1894 617 1946 nodum
627 1895 722 1946 actionis
733 1893 792 1946 siout
802 1895 857 1946 doc-

58 1966 120 2018 triua
137 1969 244 2032 prodest,
255 1982 304 2034 que
318 1967 377 2018 sicut
390 1973 414 2018 et
427 1969 501 2018 omnis
520 1967 565 2018 alia
579 1967 653 2029 actio,
668 1965 773 2018 ellectum
787 1967 856 2017 habet

58 2037 184 2091 secuuddrn
204 2038 374 2106 dispositionem
390 2037 538 2104 recipientis;
554 2039 594 2089 sed
608 2040 685 2090 valent
706 2051 748 2102 per
765 2038 856 2089 modnm

59 2111 181 2163 solutionis
201 2112 289 2172 detriti,
305 2116 330 2162 ut
343 2112 427 2162 dictum
441 2115 476 2163 est
491 2112 544 2177 (art.
556 2111 596 2173 li,
611 2111 639 2160 ad
655 2111 676 2174 l)
688 2127 695 2174 ;
709 2113 732 2161 et
745 2109 796 2161 idco
809 2119 854 2158 non

59 2187 95 2232 cst
108 2183 191 2234 siurile.
406 2233 408 2236 .

91 2257 125 2306 ald
135 2255 261 2307 secundum
272 2255 407 2320 dicendum,
422 2255 482 2320 qudd
497 2255 552 2319 quia
565 2253 671 2318 salagia
684 2266 725 2318 pro
737 2267 783 2305 uno
795 2254 856 2304 laetu

59 2328 136 2392 aliquo
145 2329 213 2379 modo
224 2327 293 2378 otiam
307 2327 357 2378 aliis
370 2331 479 2393 prosunt,
495 2331 521 2378 ut
534 2339 563 2378 ex
576 2326 643 2376 dictis
660 2329 723 2391 patet
736 2327 796 2390 (art.
807 2326 853 2390 l),

59 2399 111 2451 ideo
125 2399 176 2450 cium
188 2413 231 2463 pro
241 2413 286 2450 nuo
300 2399 368 2451 liissa
382 2400 480 2463 dicitnr,
496 2408 542 2449 nou
557 2403 591 2449 est
602 2397 767 2448 inconveniens
776 2401 801 2447 ut
814 2409 855 2461 pro

58 2472 108 2522 aliis
120 2471 190 2522 etiarn
198 2471 313 2521 orationes
322 2471 377 2522 liant
388 2487 394 2521 ι
404 2484 451 2521 nou
462 2469 523 2520 euinr
536 2469 564 2519 ad
573 2469 621 2520 lnoc'
632 2468 739 2518 dicuntur
747 2467 797 2518 allae
805 2481 855 2518 ora-

58 2543 133 2595 tiones
155 2545 180 2592 ul
204 2543 332 2594 satisfactio
352 2541 543 2606 iuniussuliragii
561 2539 725 2591 determinetur
747 2541 774 2591 ad
798 2540 855 2591 alios

58 2615 221 2680 principaliter,
236 2617 275 2666 sed
288 2619 313 2665 ut
326 2611 370 2667 illis
384 2615 453 2667 ctiam
467 2614 540 2666 oratio
553 2627 594 2680 pro
611 2613 646 2665 eis
662 2613 792 2677 specialiter
801 2614 853 2663 llrsa

59 2687 137 2752 prosit.
636 2711 640 2730 t
951 2741 952 2756 χ

88 2760 122 2812 ld
133 2761 224 2812 tertium
235 2759 367 2825 dicendum,
382 2760 443 2826 qudd
457 2759 529 2810 oratio
541 2757 694 2810 consideratur
709 2761 732 2810 et
745 2772 773 2808 ex
790 2761 854 2822 parte

60 2831 142 2882 orantis
162 2837 185 2882 et
198 2845 227 2882 ex
243 2833 308 2897 parte
319 2834 369 2896 ejus
382 2833 422 2896 qui
436 2835 525 2893 oratur,
540 2835 564 2882 ct
576 2837 710 2896 exutroque
724 2831 775 2897 ejus
785 2831 851 2882 ellec-

60 2903 95 2953 tns
108 2897 229 2968 dependet.
238 2903 273 2952 'Et
286 2901 337 2956 idco
344 2940 353 2968 ,
365 2900 468 2968 quamvis
484 2901 567 2954 diuinet
585 2903 721 2955 intuti'nou
733 2899 764 2955 sil
779 2900 852 2969 magis
