1968 3294
378 187 411 224 nn
426 187 549 228 reasons.
807 203 854 254 epp

71 252 87 304 d
101 258 244 318 persecutore
255 256 422 325 deprehensus,
437 263 465 316 de
477 263 519 316 lide
531 278 572 317 sua
583 266 711 332 requiritur,
724 283 792 334 apuam
805 287 858 328 con·

69 325 131 374 tileri
144 329 241 376 tenetur.
255 329 300 378 Noc
313 333 390 380 tamen
403 335 504 396 sequitur
516 336 576 399 qrrdd
589 339 700 390 aureolam
713 353 758 394 non
771 357 857 396 merea-

70 399 118 446 tur.
141 397 236 449 torsula
254 399 315 449 euim
335 413 381 451 uon
396 400 487 454 debetur
504 407 568 468 operi
588 411 813 477 supererogationis,
833 417 857 468 in

71 469 182 530 quantum
207 473 244 520 est
266 474 451 536 supererogatio,
468 477 506 526 sed
524 479 549 528 in
569 483 677 544 quantum
694 483 857 546 perlectionem

68 537 191 601 mramdcur
204 539 279 593 tranet.
296 542 358 594 Unde
373 543 413 594 teli
423 545 563 608 perfectione
573 555 692 615 manente,
709 553 858 610 etiamsinon

71 605 105 657 sit
119 609 302 674 supererogatio,
315 613 428 664 aureolam
438 615 521 679 aliquis
533 624 638 670 meretur.

101 677 136 728 td
148 680 271 730 secundum
284 680 411 745 dicendum,
420 683 480 747 qudd
489 688 595 753 martyrio
607 703 654 742 nou
663 691 756 746 debetur
768 697 857 762 aliquod

69 749 198 813 premium,
210 751 333 803 secundina
344 755 387 805 hoc
399 757 458 818 quod
472 757 500 808 alr
514 761 623 812 exteriori
634 761 758 830 infligitur,
769 771 808 820 sed
820 784 857 823 se·

67 818 169 870 cundiam
187 820 231 872 hoc
248 825 306 886 qnod
320 825 444 877 voluntarie
458 829 596 894 sustinetur3
611 833 725 896 quianon
745 851 857 892 meremur

68 891 116 940 nisi
130 904 171 956 per
182 905 209 944 ea
219 907 269 958 qne
282 899 335 946 sunt
349 897 372 946 in
385 898 459 949 rolris.
474 899 503 950 Et
515 902 599 964 quanti
611 903 635 954 id
648 907 707 968 quod
717 907 797 973 aliquis
807 925 856 963 sus·

67 961 127 1012 tinet
145 963 284 1028 voluntarie,
299 970 335 1018 est
351 967 478 1031 difficilius,
494 975 517 1021 et
529 972 601 1035 magis
611 979 688 1026 natum
698 978 809 1033 voluntati
821 996 856 1034 rc·

65 1045 179 1097 pugnare,
189 1035 252 1086 tanto
265 1037 371 1088 uoluntas
383 1052 432 1102 quiae
445 1043 537 1104 propter
551 1043 666 1096 Christum
679 1046 733 1098 illud
749 1052 854 1116 sustinet,

66 1104 195 1156 ostenditur
206 1106 292 1158 formiis
301 1107 346 1158 lixa
359 1108 383 1159 in
392 1109 492 1160 christo.
502 1111 532 1160 Et
544 1111 595 1163 ideo
605 1114 626 1164 ei
639 1117 786 1172 exceUentius
798 1138 855 1188 prn-

64 1175 253 1228 rrriomdelretnr.
628 1203 632 1210 ¹

99 1246 132 1296 nd
148 1247 237 1296 tertium
252 1247 382 1311 luendum,
401 1249 460 1313 quod
473 1252 564 1314 quidum
578 1259 641 1307 actus
656 1262 708 1309 sunt
717 1262 756 1324 qni
767 1263 792 1313 in
804 1264 854 1329 ipsi

66 1315 184 1369 activitate
194 1318 277 1369 hubent
286 1320 405 1382 quamdam
417 1321 581 1376 vehementium
594 1327 750 1380 delectationis
760 1335 797 1384 uel
810 1337 853 1386 dil-

64 1389 182 1439 ficoltatis.
194 1391 222 1439 lit
234 1389 258 1440 in
270 1391 349 1442 talibus
365 1397 428 1442 actus
441 1405 530 1458 semper
540 1397 602 1450 addit
617 1399 645 1448 ad
657 1399 764 1452 rationem
777 1407 853 1456 meriti

63 1460 106 1512 uel
120 1461 235 1522 demeriti,
249 1461 369 1512 secundior
384 1465 444 1527 quod
457 1463 480 1512 io
497 1469 549 1516 ectu
566 1473 654 1531 oportet
665 1471 801 1524 voluntalem
813 1489 853 1526 va-

62 1532 117 1582 riori
131 1545 160 1583 ex
173 1532 314 1582 vehementia
324 1531 388 1582 actds
398 1533 410 1582 d
420 1537 479 1583 nutu
491 1534 515 1584 in
528 1551 572 1598 quo
592 1538 656 1602 prins
671 1545 727 1590 erat.
743 1543 769 1594 Et
783 1545 849 1609 ideo,

61 1602 154 1654 ceteris
167 1602 271 1668 paribus,
285 1606 337 1652 actu
347 1603 458 1653 luxuriam
472 1618 580 1657 exercens
588 1608 638 1672 plus
649 1617 727 1674 peccat
737 1613 803 1676 quina
814 1619 853 1680 qui

61 1673 138 1725 solium
151 1674 176 1724 in
192 1683 267 1724 actum
283 1673 410 1735 consentit3
428 1675 480 1737 quia
494 1675 518 1724 irr
532 1677 582 1740 ipso
599 1683 651 1730 cetu
664 1681 768 1735 uoluntas
779 1699 852 1748 auge·

62 1747 109 1794 tnr.
129 1743 245 1804 Similiter,
260 1748 283 1794 et
296 1741 348 1793 edm
361 1748 424 1794 actus
437 1747 539 1810 martyrii
556 1748 677 1801 maximam
697 1751 851 1808 difficultatem

59 1815 158 1874 habeat,
169 1815 273 1864 uoluntas
285 1813 387 1878 mamurii
399 1827 445 1865 non
454 1817 564 1880 pertingit
574 1821 602 1870 ad
610 1819 664 1872 illud
674 1822 778 1874 meritum
790 1829 850 1890 quod

58 1885 127 1936 actui
140 1884 240 1950 martyrii
259 1883 369 1945 debetur,
390 1885 477 1937 ratione
495 1887 644 1953 dilicultatis;
659 1895 761 1955 quemvis
781 1897 847 1948 etiam

56 1953 135 2022 possit
147 1953 265 2018 peruenire
280 1954 308 2004 ad
321 1953 387 2004 altius
401 1956 533 2022 praemium,
544 1961 684 2012 considerati
704 1965 777 2016 radice
796 1981 848 2018 me-

56 2025 140 2088 rendi3
155 2025 209 2088 quia
223 2023 304 2088 aliquis
321 2037 350 2075 er
362 2025 443 2090 majori
456 2029 565 2081 charitate
578 2035 654 2094 potest
666 2033 724 2083 uelle
737 2037 847 2089 sustinere

56 2093 210 2158 martyrium,
225 2095 291 2157 quarn
305 2093 363 2146 alins
373 2095 493 2146 sustinect.
505 2097 568 2148 Unde
578 2101 693 2152 uoluntate
708 2107 792 2168 martyr
806 2120 847 2170 po·

57 2167 106 2215 test
123 2163 202 2214 mereri
226 2177 266 2213 sua
282 2166 397 2215 uoluntate
419 2167 537 2229 praemium
557 2170 694 2234 essentiale,
707 2175 794 2236 sequere
810 2179 846 2228 vel

54 2235 132 2298 majus
152 2245 180 2284 eo
196 2234 255 2294 quod
268 2235 361 2296 martyri
374 2235 479 2298 deletum
491 2239 529 2288 sed
542 2241 631 2290 aureola
643 2241 737 2294 debetur
748 2245 846 2296 diitlcul·

54 2305 101 2355 tati
112 2315 161 2366 qna
174 2304 210 2354 est
224 2302 247 2350 in
263 2303 313 2366 ipsa
326 2315 400 2366 pugna
414 2305 523 2368 martyrii.
542 2309 605 2359 Unde
616 2312 705 2362 aureola
717 2313 844 2366 voluntarie

54 2373 146 2427 tantirnr
163 2372 300 2436 martyribus
320 2386 366 2424 non
381 2373 482 2424 debetur.
583 2390 585 2394 ¹

88 2445 122 2495 nd
140 2447 243 2507 quatum
264 2442 398 2503 dicendum,
413 2443 472 2506 qndd
495 2445 556 2496 siout
574 2447 732 2502 delectationes
753 2454 840 2519 tactus,

55 2516 117 2568 circa
134 2525 190 2580 qnos
211 2516 246 2562 est
264 2513 425 2578 temperantia,
439 2517 577 2578 precipuum
596 2518 672 2570 lucnru¹
686 2524 763 2572 tenent
782 2525 842 2577 inter

53 2597 135 2638 ornnes
147 2582 308 2636 adolationes,
319 2585 437 2636 interiores
447 2589 470 2635 et
480 2585 614 2648 exteriores,
626 2589 659 2640 ita
670 2590 757 2644 dolores
768 2597 841 2648 taetris

53 2655 160 2708 omnibus
175 2653 227 2703 allis
246 2653 359 2704 coloritus
374 2654 528 2718 praeeminent.
548 2657 575 2707 Et
591 2659 642 2710 ideo
661 2661 787 2716 difficultati
807 2665 840 2717 illi

53 2739 106 2791 quas
124 2723 208 2774 accidit
221 2723 245 2772 in
262 2722 391 2774 sustinendo
407 2724 493 2774 dolores
510 2726 585 2776 tactis
604 2729 677 2792 (puta
694 2731 733 2795 qui
750 2738 802 2786 sunt
815 2737 840 2786 in

51 2794 184 2848 verteribus
198 2797 222 2844 et
233 2792 362 2857 hujusmodi
373 2793 382 2856 )
400 2794 493 2846 debetur
505 2797 595 2848 aureola
608 2801 679 2864 magis
698 2802 764 2866 quim
777 2804 838 2854 dilii-

53 2867 133 2926 cultati
154 2864 281 2919 sustinendi
298 2865 413 2918 interiores
433 2865 534 2932 dolores;
550 2882 592 2932 pro
607 2872 688 2937 quitus
703 2879 839 2928 tamennon
