1936 3306
152 131 183 168 uu
198 124 335 174 botulum
351 127 434 168 burun
449 129 567 170 susurrus
583 131 600 170 a
616 131 734 174 corrone.
799 127 845 174 bill

73 205 141 258 Circa
159 207 220 270 quot
238 209 370 270 queruntur
385 207 428 258 tria
443 222 449 257 ι
465 211 493 258 1⁰
507 208 588 260 lltrirm
600 211 625 260 iu
644 209 721 261 auima
741 221 846 277 sepurma

44 280 174 331 remaneant
190 277 298 342 potentie
312 278 440 330 sensitivao.
456 283 484 329 ιο
495 279 575 332 Utrbm
588 285 724 334 remaneant
734 281 759 333 in
769 297 796 334 ea
807 297 846 336 uc·

43 357 78 402 ms
87 351 200 402 dictarum
215 349 378 414 potentiarum.
389 355 414 418 ι’
424 351 504 403 Utrum
514 351 704 419 unimasopamta
717 355 765 422 pati
775 357 847 421 possit

42 423 68 476 ab
82 424 137 490 igne
151 435 272 488 corporeo.
452 441 457 450 ·

341 531 501 586 comnotus
517 535 535 584 l.

69 657 159 704 Uirium
167 657 196 702 iou
204 669 287 714 anama
301 659 414 716 soporata
423 661 563 704 remaneant
572 661 681 718 potentie
690 661 815 707 sensitiva.

68 785 102 835 lo
117 784 219 850 primum
232 784 265 835 sic
279 781 415 849 proceditur.
429 783 525 836 Videtur
537 784 598 849 qubrl
611 785 636 836 iu
650 788 725 838 anima
740 793 844 854 seperate

39 861 172 910 remaneant
189 855 300 921 potentie
319 857 443 909 sensitiva.
465 857 605 922 Augustinus
626 859 687 910 enim
706 859 730 910 iu
746 861 785 912 lib.
809 865 844 914 De

39 931 144 997 speretur
162 933 189 981 et
202 930 291 980 animo
309 927 378 995 (cap.
395 930 446 994 lb),
462 929 495 981 sic
511 929 588 980 dicit:
604 931 723 983 «Recedit
738 933 814 984 anima
830 935 843 986 t

38 1013 155 1068 corpore,⁴
164 1014 243 1054 secum
256 1002 349 1052 trahens
363 999 456 1067 omnia,
469 1013 575 1065 sensum,
590 1001 793 1067 imaginationem,
807 1019 842 1056 ra·

36 1073 139 1138 ionem,
161 1073 318 1133 intellectum,
340 1071 531 1138 intelligentiam,
556 1073 800 1140 concupiscibilitatem
820 1083 844 1129 et

36 1145 227 1198 irascibilitatem.
242 1161 256 1193 u
272 1144 318 1198 Sei
330 1156 411 1196 sensus
433 1149 456 1196 et
474 1145 620 1208 imaginatio,
635 1150 658 1197 et
673 1147 709 1197 uis
722 1146 843 1201 irascibilis

37 1223 58 1269 et
71 1217 262 1286 concupiscibilis
273 1222 327 1269 sunt
338 1218 400 1268 uires
413 1214 538 1269 sensitiva.
550 1217 611 1282 ltrgo
621 1221 645 1269 et
654 1215 679 1268 iu
689 1217 766 1270 anima
776 1230 843 1286 sopa-

37 1296 83 1342 rata
96 1291 162 1342 uires
174 1289 290 1342 sensitiva
305 1292 435 1342 remanent.

66 1369 90 1414 2.
106 1365 236 1426 Praeterea,
247 1362 385 1427 Augustinus
394 1362 449 1414 dicit
463 1362 487 1414 iu
497 1361 555 1413 libro
567 1361 602 1412 De
616 1361 762 1414 Ecclesium.
780 1363 843 1430 dop-

37 1435 150 1486 mutitus
160 1433 227 1500 (cap.
244 1438 274 1485 tu
284 1435 293 1498 )
304 1449 311 1484 r
324 1449 340 1482 u
351 1433 428 1485 Solum
439 1433 556 1485 bominem
570 1431 682 1484 credimus
695 1433 779 1484 babere
794 1435 844 1486 aui-

37 1521 97 1558 nam
112 1506 302 1568 substantivam,
320 1519 371 1572 quae
385 1509 453 1557 exuta
468 1505 642 1570 corporeum,
658 1507 681 1555 et
693 1517 775 1556 seusus
789 1515 843 1559 suot
905 1527 908 1535 ·

37 1583 105 1644 atque
119 1579 213 1643 ingenia
226 1579 340 1630 uiuaciter
355 1580 426 1630 tenet.
443 1593 456 1625 n
472 1577 530 1642 Ergo
548 1576 623 1628 unima
640 1579 709 1628 exuta
722 1576 735 1626 b
749 1590 843 1643 corporo

37 1651 107 1702 babet
120 1651 237 1716 potentias
254 1650 384 1702 sensitiuas.
766 1659 768 1668 ·

69 1729 92 1774 a.
107 1725 225 1775 Preterea
235 1761 242 1786 ‚
253 1723 363 1787 potentis
376 1723 459 1774 anime
470 1723 507 1772 vel
518 1719 671 1772 essentialiter
683 1718 705 1772 ei
715 1721 805 1785 insunt,
818 1726 843 1773 ut

33 1795 131 1860 puidam
143 1793 232 1859 dicunt,
242 1795 280 1844 uel
290 1796 317 1845 ad
327 1794 401 1844 miuus
411 1795 464 1846 su'ut
476 1792 591 1844 naturales
599 1793 750 1858 proprietates
759 1792 841 1858 ipsius.

37 1867 83 1918 seu
94 1867 120 1918 id
134 1865 196 1932 quod
209 1865 362 1918 essentialiter
373 1865 435 1916 inest
447 1864 530 1928 alicui,
545 1875 592 1915 non
602 1867 678 1929 potest
696 1865 724 1916 ab
736 1878 763 1916 eo
775 1878 842 1930 sepa·

37 1937 98 2002 ruri,
114 1949 192 2003 neque
211 1937 340 2002 subjectum
359 1937 449 2000 aliquod
468 1935 580 1988 deseritur
593 1935 606 1986 ι
620 1937 755 1987 naturalis:
783 1950 842 2002 pro-

37 2009 183 2073 prietatibus.
197 2007 258 2072 Ergo
271 2007 411 2072 impossibile
425 2005 535 2073 estquod
557 2007 633 2058 anima
649 2013 754 2074 separata
764 2007 778 2060 a
788 2021 840 2060 eor·

37 2097 91 2147 pore
103 2082 194 2146 aliquas
207 2081 322 2146 potentius
335 2081 432 2130 amittat.

69 2157 100 2213 ir
109 2155 240 2217 Praeterea,
251 2165 298 2204 uon
319 2155 354 2203 est
367 2155 442 2204 totum
455 2151 587 2216 integrum,
602 2153 638 2203 cui
652 2152 728 2217 aliqua
742 2153 841 2217 partium

38 2227 109 2278 deest.
123 2225 170 2276 Sed
183 2224 292 2289 potentiae
301 2223 382 2274 anima
396 2223 502 2276 dicuutur
511 2229 589 2288 partes
603 2223 684 2290 ipsius.
694 2223 719 2273 Sl
730 2237 785 2289 ergo
798 2237 839 2288 po·

38 2299 123 2350 teutias
137 2297 227 2362 aliquas
239 2299 291 2361 post
302 2300 398 2352 mortem
408 2296 484 2347 anima
495 2296 593 2361 amittit,
606 2295 706 2346 nouerit
719 2296 795 2347 anima
807 2297 842 2348 in-

38 2375 101 2436 tegra
114 2373 169 2435 post
180 2373 291 2432 mortcm3
304 2367 365 2434 quod
374 2371 410 2420 est
423 2367 595 2420 inconveniens.
733 2417 735 2424 ,

68 2449 92 2494 5.
109 2445 240 2506 Praeterea,
252 2441 362 2508 potentie
379 2439 460 2493 anime
476 2441 549 2504 magis
566 2443 716 2505 cooperantur
730 2441 756 2492 ad
775 2441 843 2494 meri-

38 2525 100 2579 tum,
113 2514 185 2580 qulm
202 2513 270 2564 etiam
285 2527 380 2581 corpus3
395 2512 446 2563 cbm
463 2525 545 2578 corpus
560 2512 590 2563 sit
608 2512 681 2563 solum
703 2511 841 2565 instrumen-

39 2591 85 2638 tum
100 2586 183 2648 actrls,
198 2586 307 2650 potentiae
323 2585 381 2636 uerb'
398 2585 510 2650 principia
525 2583 616 2648 agendi.
635 2583 679 2635 Sed
694 2597 789 2636 necesse
807 2592 843 2638 est

38 2659 95 2724 qu'od
110 2657 180 2708 simul
193 2669 276 2722 corpus
295 2657 427 2723 premietur
440 2669 492 2708 cum
510 2657 597 2720 anima,
613 2659 704 2722 propter
722 2658 765 2707 boc
778 2657 841 2721 quod

39 2729 202 2796 cooperabatur
218 2728 347 2782 inmerito.
361 2731 422 2792 Ergo
436 2727 506 2780 urultb
520 2727 604 2778 lortius
621 2731 656 2779 est
670 2740 763 2779 necesse
780 2727 841 2792 quod

38 2801 147 2870 potentis
158 2801 240 2852 animae
250 2801 318 2852 simul
331 2802 536 2868 premieuturcum
547 2799 610 2866 ipsa3
620 2801 758 2865 ergoauima
770 2812 840 2866 sepa-

39 2879 88 2928 rata
99 2887 139 2928 eas
153 2886 201 2929 nou
214 2873 308 2930 amittit.
