1948 3312
141 187 186 236 tes
272 189 470 238 surrtasrrrrorn,
482 187 575 235 annau.
592 188 693 236 nrxrrx,
705 187 760 226 aar.
776 187 806 226 rr.

141 263 194 313 aaut
205 263 348 328 oontemptit,
359 261 621 314 autichriato'iuitureut
630 275 636 312 :
645 263 675 312 'at
684 260 735 313 ideo
748 273 797 312 non
812 265 849 313 aar
862 263 888 314 io
897 261 929 313 eta

141 333 224 398 aliquid
237 335 297 399 qnod
310 345 387 385 eorum
397 332 509 398 judicium
520 335 534 381 d
545 331 634 396 justitia
642 331 757 383 defleant.
773 332 841 384 Unda
854 333 929 384 idonei

140 404 169 454 ad
184 405 329 468 jndioandom
346 403 482 463 redduntur,
497 402 693 468 praeeuntem
709 403 805 467 justia
819 416 869 470 prta
882 416 931 454 unr-

140 473 207 526 oinos
219 475 348 540 diiigenter.
357 473 473 534 semodi,
481 485 522 536 per
534 472 624 524 modurn
634 472 725 534 meriti,
738 472 793 536 qnia
806 472 931 524 domidati

140 547 259 609 respondet
272 542 379 596 exaltatio
391 557 432 607 pro
445 543 538 606 merito3
551 542 611 595 iuter
624 543 700 594 omnia
720 545 797 594 aotam
818 555 874 606 quat
888 545 929 594 luo

139 613 223 666 minem
235 615 261 666 ia
272 616 316 665 noo
326 615 410 665 muodo
421 615 550 678 despectum
561 613 662 677 iaciunt,
672 613 814 679 precipuum
824 618 863 665 ast
876 627 930 678 par·

139 689 223 746 pertas.
242 683 306 736 itudo
323 687 347 736 et
364 685 501 750 pauperinus
517 683 649 736 excellentia
664 683 791 748 iuditiario
807 685 929 750 potaatrt's

137 753 281 818 promittitur,
291 755 357 806 utsio
367 755 406 820 qai
422 767 447 806 se
459 758 551 820 proptor
558 755 673 806 conamur
684 753 797 818 numifflt,
805 753 929 808 enitetnr.

137 823 226 886 tertio,
243 825 295 890 quia
312 830 434 891 paupertas
447 826 546 890 disponit
561 826 589 878 ad
605 826 739 890 pradictum
755 825 849 877 modam
861 828 928 891 jndi-

137 895 216 957 oandi3
232 909 260 946 ex
272 899 315 948 troo
328 896 480 960 opinationis
495 901 623 948 sauowruur
633 895 736 958 iudicare
747 895 849 959 dicetur,
863 903 890 948 ut
901 911 929 949 ex

137 964 203 1015 dietis
219 966 280 1030 (art.
291 968 323 1031 i)
337 971 414 1032 patet,
430 967 483 1030 quia
494 979 535 1017 eor
546 967 638 1018 habebit
653 967 758 1017 adnotant
771 967 837 1018 omni
851 969 927 1020 diuina
963 999 964 1012 r

137 1036 244 1100 ueritate,
261 1049 329 1101 quant
342 1025 392 1089 aiis
404 1041 483 1102 potans
494 1037 538 1088 erit
550 1036 703 1087 manifestare.
714 1037 740 1085 in
750 1048 876 1100 progresso
889 1051 928 1090 aa·

136 1109 182 1157 tem
199 1106 227 1156 ad
241 1107 418 1171 peractionem,
429 1107 528 1172 primun
540 1107 600 1171 quod
618 1107 792 1171 relinquendum
810 1111 926 1172 ouourrit,

136 1179 189 1227 sunt
202 1178 324 1229 exteriores
335 1177 432 1240 divitie,
446 1177 498 1240 quia
509 1178 559 1228 troo
572 1179 626 1227 suut
637 1176 716 1226 uitiari
727 1177 855 1240 acquisitu
866 1181 926 1244 qood

136 1251 210 1298 antero
228 1247 333 1300 nitimunr
346 1249 370 1298 ia
383 1247 529 1312 generatione
546 1250 581 1297 est
589 1281 597 1308 ,
612 1249 647 1297 eat
660 1246 757 1310 prironnr
779 1246 805 1297 in
823 1248 926 1300 dernur-

134 1315 207 1368 tione.
220 1319 284 1370 Unde
292 1318 385 1369 etinter
391 1317 542 1368 beatitudines
551 1317 633 1380 quitus
640 1321 675 1367 est
683 1329 816 1380 progressus
830 1320 860 1370 ad
874 1333 925 1385 per-

135 1385 269 1451 tectionem,
282 1387 355 1453 prima
370 1385 462 1452 punitur
474 1391 603 1450 paupertas.
619 1387 648 1437 et
667 1385 700 1436 sin
720 1389 853 1450 paupertati
872 1402 925 1440 res·

135 1457 218 1518 ponder
228 1456 346 1520 judiciaria
360 1460 472 1522 potestas,
483 1456 508 1506 in
519 1459 671 1519 quintanori
679 1455 751 1520 priora
766 1457 886 1521 dispositio
895 1459 924 1510 ad
964 1475 965 1480 ¹

133 1525 291 1588 perfectiorem
305 1526 443 1592 praedirtaru.
456 1525 484 1576 nt
497 1523 551 1578 hino
568 1529 603 1576 est
614 1524 675 1590 qnod
687 1537 734 1576 uon
743 1525 925 1592 quotacumque

133 1595 270 1661 pauperibus
290 1597 371 1660 (etiarn
384 1594 530 1660 uoluntario)
545 1595 661 1660 reponitur
680 1599 782 1660 poterin
795 1599 923 1660 prodicta,

133 1667 174 1716 ned
187 1667 232 1716 iilis
240 1667 279 1732 qai
286 1667 440 1732 relinquentes
448 1665 525 1716 oauoia
533 1670 656 1730 sequnntur
666 1665 782 1721 curiatum
795 1668 924 1722 mundius

132 1736 294 1800 perfectionem
307 1738 368 1790 rita.

163 1807 197 1857 dd
216 1807 312 1872 priorum
327 1819 380 1872 ergo
397 1807 532 1870 dicendum,
546 1805 607 1872 qnod
621 1807 682 1858 aioni
694 1808 833 1872 ingestione
848 1807 922 1874 dicit,
965 1829 966 1862 r

130 1875 179 1927 XX.
200 1876 237 1932 Da
251 1877 328 1926 civit.
347 1879 394 1927 Dor·
409 1881 468 1942 (rap.
481 1877 516 1942 o),
529 1889 596 1928 roeo
607 1876 714 1940 quonum
725 1889 793 1942 anper
802 1878 923 1932 doodoeinr
965 1919 966 1922 ,

132 1945 197 1998 sedes
209 1957 310 1996 ussurus
325 1957 375 1997 essa
388 1947 434 2009 ait,
448 1947 565 2000 duodecim
577 1947 637 1998 solos
646 1947 750 2000 tornines
759 1961 811 1999 onor
820 1949 872 2014 ipso
881 1951 922 2014 ia-

131 2015 245 2067 ditaturos
258 2021 338 2080 putare
351 2017 472 2081 deiramna;
486 2018 599 2082 adoptio,
613 2017 719 2081 quonian
729 2019 753 2068 io
766 2019 841 2070 moa
853 2019 920 2071 dodau

130 2086 244 2137 traditoris
265 2085 394 2148 Apostolum
412 2087 527 2138 idattniuru
546 2089 643 2151 legimus
660 2088 806 2150 ordinatum,
820 2089 918 2151 mnu,

114 2158 171 2222 {qui
181 2158 231 2222 pius
241 2155 293 2206 aliis
302 2154 421 2219 iabomrit,
430 2157 470 2208 uiri
485 2160 512 2209 ud
520 2159 666 2225 judicandum
682 2159 773 2221 sedeat,
783 2171 830 2210 nnn
844 2161 917 2210 nabe·

114 2223 199 2279 ‘bito
216 2226 279 2276 Unde
295 2225 431 2278 duodenario
446 2241 541 2280 numero
556 2232 598 2289 (ut
610 2227 693 2279 ibidem
707 2229 810 2292 iudioat)
826 2228 918 2292 signid-

130 2301 179 2348 oata
191 2299 228 2347 est
245 2294 350 2348 uniuersa
360 2295 510 2357 judicantium
526 2297 657 2360 multitado,
671 2301 762 2364 propter
773 2300 831 2350 duas
842 2305 918 2364 partas

131 2365 268 2430 septenarii,
286 2365 373 2422 scilieet
384 2366 427 2416 tria
439 2371 463 2417 et
476 2372 581 2431 quatuor,
593 2379 643 2430 qua
661 2367 686 2418 io
702 2380 727 2419 so
745 2368 819 2421 dueta
831 2369 917 2420 ierint

130 2437 298 2488 undenarium.
313 2436 465 2490 duodenarias
474 2443 549 2488 autem
560 2442 595 2490 eat
608 2451 715 2490 uumerus
724 2440 915 2506 periaotasprop·

129 2511 164 2559 ter
178 2509 221 2559 hou
236 2507 295 2577 quod
317 2507 421 2561 oonsiatit
434 2521 462 2560 rx
480 2507 564 2573 duptioi
582 2510 686 2573 monnio,
700 2509 740 2574 qai
756 2513 793 2561 est
809 2523 916 2562 numerus

129 2578 251 2642 perrottus.
270 2577 327 2641 vet,
348 2578 420 2640 quoad
435 2579 550 2642 iittaranu,
566 2578 684 2629 duodeoiur
703 2580 816 2643 apostolia
833 2583 915 2644 ioque·

129 2646 209 2705 batur.
226 2648 250 2700 io
270 2659 363 2713 quorum
381 2659 478 2712 persona
494 2649 538 2699 hoo
556 2649 661 2702 omninno
681 2661 759 2702 eoruuu
781 2653 914 2716 waumbos

129 2718 283 2779 promittebat.

161 2787 328 2839 aduocandum
342 2788 460 2838 dicendum
470 2824 477 2850 ,
488 2787 548 2850 quud
559 2787 676 2852 uirginitas
688 2794 712 2839 et
725 2790 856 2856 martyrium
870 2806 913 2846 non

130 2856 162 2907 ita
172 2855 295 2922 disponunt
304 2859 332 2911 ad
343 2857 485 2909 retinendum
497 2859 522 2909 io
534 2860 600 2910 corde
610 2860 698 2911 deerat
712 2859 912 2928 divinatoriae,
