1980 3320
320 181 352 220 os
366 181 437 220 nouas
450 181 602 220 nrrmoun.
830 173 863 222 ’17

82 255 223 321 despondeo
239 255 376 317 dicendum,
390 255 453 320 qnod
471 256 562 320 quidam
581 256 661 308 dicunt
674 257 735 322 qnod
753 259 864 323 qnando-

55 342 150 393 cnmque
164 329 194 378 ad
216 331 294 377 adum
307 327 450 390 conjugalem
464 327 535 379 libido
548 329 706 393 principaliter
721 334 812 393 movet,
827 334 863 382 est

57 404 173 463 peccatum
192 398 307 461 mortalc3
329 399 369 447 sed
390 397 481 460 quando
502 403 578 450 movet
604 413 634 450 er
652 401 739 464 latere,
753 406 810 453 tunc
829 405 865 452 est

20 439 22 556 D
57 475 173 534 umatum
186 468 295 531 reniale3
309 468 400 531 quando
417 473 494 520 auem
515 469 608 522 omnint
621 472 794 524 delectationem
811 473 865 524 des·

20 563 21 586 r
56 541 120 606 picit,
135 545 160 590 et
179 539 291 602 displicet
305 537 343 600 ci,
355 543 412 588 tuuc
424 543 460 590 eet
472 541 566 592 omnino
580 541 632 592 sind
644 543 729 593 veniali
742 547 835 608 peccato
854 558 862 594 ε

56 616 81 662 ut
96 614 129 663 sic
142 610 324 662 delectationem
334 609 358 659 in
375 610 419 660 isto
434 615 488 662 actu
498 625 609 675 querere,
619 613 650 663 sit
664 619 783 678 peccatum
794 627 862 666 mor·

57 683 111 748 iale3
125 681 312 734 delectationem
325 681 425 732 ohlatam
440 688 567 748 acceptare,
585 684 615 735 sit
628 689 747 750 peecatum
761 686 863 751 veniale;

55 756 92 806 sed
104 767 158 806 eam
168 753 249 812 odire,
261 751 291 802 sit
301 751 459 816 peucetionis.
469 753 514 804 sed
524 756 569 806 hoc
583 767 629 806 non
641 760 788 820 potestesse,
798 757 863 822 quia,

53 825 180 876 aecundhm
205 821 373 886 Philosophum
395 823 810 891 iull.1dtltic.,uidemjudicium
827 832 865 880 eet

54 898 80 948 dc
94 894 256 948 delectatione
268 898 293 944 et
302 895 467 960 operatione»
478 897 530 959 quie
545 898 685 962 operationis
698 899 764 951 hona
777 904 814 950 est
823 901 864 952 de-

54 967 145 1020 lectatio
155 967 238 1026 bona,
251 968 276 1016 et
285 967 350 1016 malac
361 1004 368 1029 ‚
378 967 446 1017 mala.
460 968 534 1029 llnde,
544 967 597 1018 chm
613 973 678 1019 actus
691 968 864 1022 matrimonialis

54 1041 142 1091 nonsit
158 1049 206 1102 per
223 1049 250 1087 se
266 1036 356 1100 melus,
371 1049 415 1088 nec
428 1051 529 1101 quarere
541 1039 712 1091 delectationem
729 1039 772 1090 crit
784 1053 866 1105 pecta·

54 1115 102 1162 tum
122 1110 227 1162 mortale
249 1121 349 1173 semper.
364 1109 461 1161 ntideo
479 1110 614 1173 dicendum,
627 1111 688 1176 uudd
711 1109 732 1162 si
745 1112 865 1166 delectato

55 1186 173 1247 queratur
190 1181 253 1230 ultra
266 1181 411 1232 honestatem
426 1180 578 1245 matrimonii,
593 1186 619 1232 ut
639 1180 726 1232 scilicet
740 1182 822 1246 aliqua
839 1183 867 1234 iu

20 1291 21 1300 ,
54 1253 155 1318 conjuge
171 1264 223 1302 nnn
238 1252 344 1302 attendat
359 1252 419 1316 qudtl
433 1253 517 1318 conjux
535 1255 572 1304 est
580 1289 589 1316 ,
601 1252 641 1304 sed
655 1251 729 1304 solim
742 1253 803 1316 quod
816 1266 868 1304 mu·

57 1324 105 1389 her,
122 1325 226 1390 paratus
248 1322 310 1372 idem
324 1323 399 1374 lacere
417 1336 469 1373 cnnr
487 1336 515 1374 ea
529 1323 550 1374 si
569 1336 617 1374 non
637 1328 700 1374 esset
717 1323 818 1386 conjux,
830 1329 868 1376 est

56 1403 177 1460 peccatum
193 1395 300 1445 mortale.
313 1394 402 1444 litideo
414 1394 468 1444 talis
477 1395 558 1445 dicitnr
568 1394 703 1444 ardentior
713 1399 800 1444 amator
809 1407 868 1446 nro

58 1468 99 1529 ris,
114 1468 174 1532 qnia
193 1465 282 1516 scilieet
295 1465 362 1516 ardor
374 1463 413 1514 ille
427 1469 491 1516 extra
500 1467 560 1518 hona
574 1463 713 1516 matrimonii
730 1464 831 1516 effertur.
841 1465 867 1518 Si

60 1545 134 1590 autem
145 1539 269 1602 queratur
282 1535 402 1587 delectatio
412 1536 471 1587 intra
485 1536 572 1588 limites
581 1535 735 1598 matrimonii,
745 1540 771 1587 ut
779 1537 867 1588 scilicet

59 1611 107 1662 tatis
119 1607 253 1662 delectatio
267 1608 293 1658 in
309 1606 355 1657 alia
367 1619 414 1657 nou
426 1611 564 1672 quereretur
585 1607 654 1670 quim
669 1607 693 1656 in
712 1607 823 1670 conjuge,
834 1609 870 1658 sic

58 1685 91 1732 ert
102 1680 201 1732 veniale
221 1681 353 1742 peceatum.

20 1755 21 1762 ’
89 1754 122 1804 id
135 1751 243 1816 primum
256 1761 311 1812 ergo
327 1747 462 1811 dicendum,
476 1749 537 1812 qndd
554 1752 610 1798 tnnc
622 1749 751 1812 voluptates
767 1748 871 1800 meretri·

64 1825 108 1874 cias
124 1824 164 1874 vir
183 1821 211 1870 in
227 1832 300 1870 uxore
315 1819 411 1882 querit,
429 1819 519 1884 quando
538 1819 597 1870 nihil
610 1819 673 1870 aliud
692 1820 716 1870 in
731 1831 757 1870 ea
774 1818 873 1870 attendit

20 1945 21 1954 .
59 1895 127 1958 quim
140 1891 208 1958 qnod
221 1891 248 1940 in
259 1889 379 1942 meretrice
389 1890 524 1942 attenderet.

20 1963 21 1972 ’
88 1966 124 2016 ld
136 1961 272 2016 seeundum
285 1961 423 2024 dicendum,
437 1960 498 2024 quod
512 1973 639 2012 consensus
654 1961 679 2011 in
695 1961 870 2013 delectationen

58 2035 199 2088 concubitus
212 2031 255 2096 qui
269 2035 305 2082 est
323 2033 440 2095 peccatum
453 2032 569 2095 mortale,
583 2035 619 2083 est
633 2036 751 2096 peccatum
764 2031 871 2083 mortale.

62 2109 112 2160 lion
126 2102 279 2158 autemtalis
297 2107 335 2154 est
349 2101 468 2154 delectatio
485 2102 657 2154 matrimonialis
671 2102 743 2152 actis.

20 2187 21 2196 ³
91 2175 237 2230 intertium
248 2173 377 2234 dicendum,
388 2171 461 2236 qudd,
472 2173 576 2236 quamvis
590 2173 763 2223 delectationem
777 2182 824 2220 non
834 2181 874 2220 re-

61 2249 119 2301 lerat
131 2251 191 2298 actu
203 2247 229 2294 in
245 2246 317 2294 ὓεεῑε
324 2279 334 2306 ,
348 2247 484 2294 nontamen
498 2244 565 2308 ponit
581 2245 606 2293 in
619 2257 646 2294 ea
659 2243 766 2293 ultimum
783 2241 873 2292 uolun-

61 2321 114 2372 tatis
127 2319 219 2380 linem,
238 2315 293 2364 alias
310 2314 371 2364 euim
381 2314 518 2378 ubicumque
538 2315 693 2366 indifferenter
706 2314 826 2375 quareret.
842 2312 873 2362 lit

20 2353 21 2444 l
62 2391 113 2444 ideo
129 2401 182 2440 nort
198 2389 291 2450 oportet
310 2384 371 2448 quod
388 2384 493 2435 creaturi
510 2385 607 2448 leuatum
626 2385 666 2435 sed
685 2383 756 2434 utitur
769 2381 874 2432 creaturi

20 2451 21 2494 3
63 2467 159 2528 propter
181 2473 225 2522 se,
240 2471 266 2508 se
286 2461 362 2508 antem
383 2455 527 2508 habitualiter
548 2455 747 2522 prometheum,
767 2453 874 2518 quamvis

20 2535 21 2538 ’
64 2547 111 2586 non
124 2537 191 2584 actu.

93 2605 130 2656 hd
143 2605 254 2668 quatum
268 2599 408 2660 dicendum,
422 2599 482 2663 quid
496 2601 540 2650 hoc
553 2611 599 2649 uon
614 2597 696 2648 dicitnr
710 2599 804 2662 propter
817 2597 873 2660 hoo,

59 2676 121 2740 qudd
131 2689 162 2726 ex
172 2675 219 2723 hoo
232 2676 325 2734 peccato
339 2672 408 2722 homo
419 2668 679 2721 excommunicationem
691 2671 815 2728 mereatur,
825 2666 870 2716 sed

64 2747 119 2810 unia
133 2742 294 2809 spiritualibus
305 2753 330 2792 se
342 2741 417 2792 reddit
430 2739 572 2802 inhabilem,
586 2741 681 2803 propter
693 2739 738 2790 hoc
749 2735 809 2800 qudd
823 2733 877 2786 etli-

65 2817 124 2868 ‹itur
137 2817 164 2867 in
175 2819 232 2866 acto
249 2815 289 2866 illo
302 2817 364 2865 totus
378 2825 440 2863 caro.
