1980 3320
106 149 136 197 ot
272 157 472 208 surrnrnnururr,
489 157 582 204 unam.
599 159 634 208 nr,
652 158 707 196 aar.
725 161 741 196 r.

105 245 152 284 non
163 236 197 285 εει
208 233 350 300 hujusmodi.
362 235 421 298 Ergo
433 234 462 284 da
475 232 512 284 εει
525 236 605 284 natura
618 244 665 285 non
683 232 778 298 impetiit
790 232 926 287 matrimo-

109 317 184 357 nrum.

140 380 163 426 8.
179 375 308 439 Ρεειεεεε,
323 375 380 426 sium
398 387 523 428 cousensus
544 376 668 442 requiritur
680 377 708 426 ad
722 375 922 442 matrimonium,

104 445 138 497 ita
151 447 248 497 intentio
262 446 383 511 requiritur
395 447 424 496 ad
438 447 584 511 baptismum.
604 448 650 499 Set
667 447 688 498 ai
705 446 788 509 aliquis
804 446 926 512 baptizat

106 517 232 581 loannem,
250 521 274 568 ει
289 517 363 569 crcdit
378 517 491 581 baptizare
509 519 620 582 Petrum,
636 517 787 570 nihilomiuus
808 519 925 572 ioannes

106 589 161 641 vert
174 587 302 653 baptizatus
312 593 355 640 εει.
370 590 429 652 Ergo
444 600 505 642 error
518 603 566 641 uou
581 589 682 640 excludit
694 589 880 640 matrimonium.

140 663 163 711 ι.
179 659 301 724 Praetcrea,
315 659 376 711 inter
389 659 453 710 Liam
462 664 487 712 ει
499 661 567 712 tacut
581 659 625 710 tuit
635 673 716 711 rerum
729 660 924 712 matrimonium.

107 729 155 780 Sed
173 729 205 779 ibi
219 728 262 779 fuit
279 743 349 780 error.
364 731 423 794 Ergo
440 744 502 781 error
516 744 563 782 non
572 731 672 780 excludit
682 730 866 780 matrimonium.

141 799 185 850 Sed
202 805 283 850 contra
291 805 342 864 εει,
356 802 415 864 quod
429 801 454 851 in
468 802 580 866 Dtyaatir
592 796 675 851 dicitur
686 817 691 850 :
703 817 717 850 u
727 801 783 861 Quid
795 804 842 851 tam
854 814 922 854 oon-

106 873 201 922 trarium
211 875 248 923 εει
259 873 381 923 εεεεεεεεί
393 871 461 936 quim
473 872 577 923 errori»
589 871 635 922 scu
648 885 774 924 consensus
784 871 921 936 requiritur

109 945 138 996 ad
154 943 332 995 matrimonium.
347 945 406 1006 Ergo
418 957 480 996 error
492 942 661 996 matrimonium
674 944 780 1008 impedit.

140 1016 269 1077 Praetarea,
291 1030 421 1066 concensus
441 1016 532 1080 aliquod
553 1015 704 1068 voluntarium
728 1016 841 1067 nominat.
864 1017 924 1070 scd

108 1098 173 1138 arror
186 1086 281 1150 impedit
291 1087 456 1151 voluntarium,
472 1087 524 1150 quin
539 1087 703 1148 voluntarium,
718 1087 843 1138 secundum
856 1088 927 1139 Piri-

108 1155 239 1222 loaophum
248 1161 271 1207 ει
277 1157 407 1222 Gregorium
417 1159 584 1223 Nysscnumct
589 1159 768 1221 ¹itamascunum,
776 1161 812 1210 cst
823 1159 925 1224 «cujus

108 1227 246 1292 principium
261 1229 334 1279 estin
348 1227 423 1292 aliquo
439 1228 524 1280 scienta
538 1228 676 1292 singularia,
688 1228 713 1278 in
727 1229 811 1293 quitus
824 1232 861 1280 est
875 1241 926 1282 ac-

108 1301 164 1362 ιεε;
184 1299 272 1364 »quon
292 1298 377 1350 amunti
395 1311 442 1350 non
458 1299 576 1364 competit.
593 1301 652 1364 Ergo
665 1311 729 1350 orror
743 1298 925 1355 matrimonium

110 1367 216 1434 impedit.

145 1441 303 1505 (concursio.
319 1468 350 1479 -
371 1441 450 1500 Error,
463 1439 514 1491 cium
533 1452 686 1502 consensum,
711 1441 750 1506 qui
772 1441 923 1498 matrimonii

110 1521 179 1561 cansa
201 1521 250 1573 εει,
265 1511 333 1575 qutm
352 1510 451 1562 marino
473 1511 597 1575 impediat,
615 1513 643 1564 tc
661 1513 713 1576 jnrc
732 1515 820 1564 naturu
840 1515 922 1577 quum

109 1580 209 1632 maximi
229 1583 400 1634 matrimonium
412 1582 530 1647 impedit.)

141 1653 277 1718 Respondet
293 1653 427 1716 dicendum,
450 1653 512 1718 quoi
534 1651 644 1717 quinquin
660 1651 755 1717 impetit
770 1663 864 1703 causum
883 1654 921 1710 du

111 1723 149 1775 sut
159 1729 251 1788 natura,
261 1726 357 1789 impedit
367 1729 390 1775 ct
399 1723 505 1775 effectum
520 1723 633 1774 similiter.
647 1723 779 1774 consensus
790 1727 868 1773 autam
877 1731 923 1778 εει

108 1807 180 1846 εεεεε
195 1796 349 1857 matrimonii,
361 1801 387 1846 ut
409 1795 493 1846 dictum
510 1797 545 1845 εει
561 1795 617 1857 (qu.
638 1797 683 1857 tu,
702 1798 745 1845 art.
761 1793 801 1857 t).
816 1793 845 1844 nt
858 1793 920 1848 idam

111 1868 172 1931 quot
193 1871 288 1917 evacuat
305 1880 456 1930 musonium,
470 1869 565 1918 evacuat
583 1865 760 1916 matrimonium.
777 1866 919 1920 Οεεεεεεεε

111 1942 189 1988 autem
199 1937 323 1988 uoluntatis
333 1941 369 1987 εει
379 1941 450 2000 εειεε,
462 1937 501 2001 qui
512 1935 669 2001 praesuppouit
680 1939 754 1987 actum
770 1933 919 1988 intellectus.

109 2007 235 2059 Deficiente
252 2011 329 2059 autem
342 2008 431 2073 primo,
443 2021 539 2058 εεεεεεε
556 2010 591 2058 εει
612 2006 725 2058 totuctum
739 2007 872 2070 contingere
886 2008 920 2061 iu

109 2079 221 2130 racundo.
234 2080 262 2129 Et
274 2079 334 2141 ideo,
345 2079 434 2144 quanto
448 2091 510 2130 orror
523 2077 680 2142 cognitionum
691 2077 796 2142 impedit,
809 2077 921 2140 sequitur

109 2149 179 2200 ctiam
189 2149 213 2200 in
223 2149 274 2216 ipso
286 2162 400 2200 consensu
409 2149 519 2211 detectus,
534 2152 621 2212 ct‚ucr
631 2149 817 2212 consequentum
829 2148 916 2198 matri·

110 2221 202 2284 monio,
217 2225 240 2273 ct
255 2222 288 2272 sic
300 2234 362 2274 error
378 2220 467 2286 dejure
478 2221 575 2272 naturali
589 2220 659 2272 tabet
670 2220 731 2284 quod
745 2222 841 2272 evacuet
858 2233 915 2272 ma-

109 2293 252 2343 trimunium.

142 2363 174 2412 td
192 2364 290 2428 primum
306 2376 360 2427 crgo
377 2363 511 2426 dicandum,
527 2361 588 2426 quon
601 2361 730 2426 ignorantia
746 2361 838 2424 differt,
856 2362 918 2416 sina·

108 2433 199 2500 pliciter
213 2433 343 2498 loquendo,
359 2436 387 2485 ab
405 2447 495 2498 errore,
509 2435 563 2498 quia
582 2433 709 2498 ignorantia
725 2434 753 2484 dc
773 2432 809 2484 sut
824 2433 917 2490 rationu
981 2439 982 2451 ³

108 2519 156 2557 nou
167 2505 273 2570 importat
286 2505 383 2570 aliquem
400 2505 537 2569 cognitionis
547 2508 631 2568 actum,
646 2506 686 2556 εεε
699 2518 761 2556 orror
771 2503 835 2569 ponit
844 2504 912 2568 jndi-

109 2577 169 2626 cium
180 2575 277 2626 rationis
289 2589 422 2640 perversum
439 2577 467 2627 da
483 2576 568 2640 aliquo.
583 2577 685 2640 Tamen,
699 2575 808 2641 quantum
822 2575 851 2626 ud
864 2577 914 2632 true
980 2605 981 2646 t

109 2647 169 2714 quud
188 2649 223 2696 est
239 2644 349 2709 impartire
366 2645 559 2704 uoluntarium,
574 2659 620 2697 uon
633 2647 708 2699 diticrt
724 2645 800 2697 utrum
820 2645 912 2702 dicatur
980 2651 981 2655 ’

108 2718 257 2781 iquoruntiu
270 2716 308 2766 vel
324 2731 413 2775 error,
425 2716 479 2781 quia
493 2715 555 2766 uultu
568 2716 697 2780 ignomntia
711 2721 786 2784 potest
799 2716 913 2784 impedire

108 2787 280 2845 voluntarium,
299 2787 345 2838 nisi
367 2802 418 2852 qua
435 2787 505 2838 trabat
519 2799 618 2838 amoram
639 2789 785 2853 adjunctum,
801 2801 829 2840 εε
849 2789 913 2853 uuirt
979 2823 980 2859 ;

109 2862 173 2910 actus
186 2857 312 2910 rctuuutis
329 2857 485 2924 prmupunnit
502 2855 676 2912 uatimrtionem
695 2860 746 2913 siro
758 2858 869 2925 juditium
881 2862 913 2916 dc
