1948 3312
198 159 230 200 on
246 149 377 206 donatiana
392 147 466 201 nonni
481 163 539 203 noso
555 164 676 202 oonncnnn.
785 163 830 212 6⁰3

56 238 92 290 id
107 236 226 302 quintum
235 237 370 302 dicendam,
384 237 444 304 padd
457 238 542 306 aliqnid
557 241 632 304 potest
644 237 725 292 cedas
734 239 757 289 in
765 251 831 290 nonan

26 305 136 360 hominis
154 305 280 370 dupliciter
294 308 359 361 :Uno
376 309 458 372 modo,
472 308 748 374 ponteoneocssitatero3
765 310 832 360 etsie

26 377 91 429 nnlla
114 381 227 429 creatam
239 378 305 430 cedet
322 379 347 432 in
364 393 430 432 uonna
450 379 564 443 hominis,
577 380 631 445 quia
643 391 672 432 ex
684 380 730 432 Deo
741 379 832 443 pienana

26 446 201 500 sufficientiam
219 447 318 499 habebit.
332 449 362 502 Et
381 451 425 502 doc
441 449 580 515 dedicatae
595 449 707 516 Apono,
724 449 790 513 xxi,
805 449 833 500 in

26 518 168 571 anctoritate
184 518 288 582 inducta,
304 533 354 586 qao
366 520 492 586 dicitquod
507 521 608 574 «civitas
618 521 656 573 iila
665 533 711 572 non
724 524 775 585 eget
785 521 832 573 sole

29 600 105 652 neque
119 589 192 642 inat.
203 590 291 643 nitius
300 605 354 645 asos
367 596 403 644 est
415 591 443 646 ad
453 595 562 658 majorem
572 592 747 657 perfectionem
761 591 832 642 etsie

28 658 99 711 donno
117 661 175 711 aiiis
190 662 301 714 creaturis
320 665 406 725 aetna,
422 667 556 717 nontamen
575 663 639 728 qnasi
657 660 791 714 amentiis
803 663 832 714 ad

30 731 223 792 perveniendum
236 733 260 782 in
275 733 360 799 finem,
373 733 433 786 sient
445 746 506 785 nnnc
518 732 552 786 eis
566 733 645 784 utitur.

61 801 97 851 dd
115 807 215 854 sextam
237 802 372 869 dicendam,
386 805 446 870 qnod
464 804 520 858 ratio
541 803 579 856 illa
598 807 634 856 est
653 800 726 856 lisinii
743 803 831 868 idopsi,

30 870 68 932 qni
79 873 182 925 omnino
197 875 325 939 improbare
337 875 416 927 nititur
429 877 536 928 anundum
548 876 641 940 propter
655 875 770 928 hominen
780 885 832 928 csse

31 941 127 994 factum.
142 944 215 996 Unde
230 946 275 996 hoc
287 946 347 1011 qnod
365 947 389 998 in
404 946 477 999 notoni
492 947 634 998 Testamento
647 945 675 997 de
687 943 832 998 innovatione

33 1014 113 1065 mnndi
130 1015 232 1081 legitur,
254 1017 312 1069 sicat
325 1021 388 1083 patet
404 1019 429 1069 in
448 1017 616 1072 auctoritatibus
635 1016 700 1068 isaie
718 1015 831 1079 induetis,

32 1081 87 1134 dicit
99 1097 155 1138 esse
173 1087 332 1151 metaphoricd
346 1088 445 1152 dictun3
460 1092 502 1151 ut,
519 1088 577 1139 sient
589 1085 656 1137 alicui
668 1084 752 1138 dicitnr
764 1084 831 1138 obte-

33 1153 124 1206 nebrari
141 1157 194 1219 sol,
214 1157 305 1222 qnando
318 1159 343 1210 in
356 1171 459 1224 magnam
472 1157 587 1209 tristitiam
602 1154 693 1218 incidit,
706 1157 733 1205 nt
745 1155 832 1206 ceant

33 1224 86 1286 qnid
99 1225 173 1278 iaciat
185 1228 244 1292 (qni
252 1227 319 1279 etiam
329 1231 409 1282 modun
419 1228 526 1293 loquendi
538 1229 660 1278 consectus
673 1227 708 1278 est
717 1223 742 1274 in
755 1223 833 1290 Scrip-

32 1295 99 1358 tura)
111 1333 121 1360 ,
134 1298 171 1349 ita
188 1299 262 1350 etiam
276 1298 289 1350 d
303 1311 413 1352 converso
433 1299 520 1352 dicatio
531 1299 553 1350 ci
565 1297 600 1349 soi
612 1295 684 1360 nands
701 1295 791 1356 lucore,
807 1298 831 1347 et

34 1366 95 1418 totns
112 1369 220 1420 mondus
231 1369 350 1431 innovari,
361 1370 450 1436 qnapdo
458 1382 488 1422 cx
497 1373 558 1421 stata
566 1367 666 1420 tristitia
678 1367 702 1418 ia
712 1364 831 1416 maximam

33 1436 202 1492 excitationem
215 1441 362 1494 convertitur.
375 1439 422 1495 sed
441 1443 488 1493 hoc
503 1440 605 1493 dissonat
619 1438 647 1490 ab
661 1435 832 1488 auctoritatibus

34 1510 57 1556 et
76 1511 265 1574 expositionibus
284 1515 419 1566 sanctornm.
439 1512 503 1564 Unde
517 1509 601 1564 nationi
620 1510 654 1560 iiii
670 1507 769 1559 inducta
787 1507 832 1560 hoa

34 1578 101 1630 nodo
130 1582 319 1647 respondendnm
341 1588 390 1644 ost,
408 1582 469 1648 qnod
486 1581 591 1648 quamvis
616 1591 710 1644 corpora
729 1577 832 1630 colestia

34 1649 133 1702 maxime
144 1653 263 1705 excedant
272 1665 355 1720 corpas
363 1654 500 1718 hamanum,
513 1655 590 1704 tannen
600 1651 670 1702 mnltd
683 1652 734 1714 plns
743 1649 832 1700 excedit

37 1719 110 1772 anina
126 1723 247 1776 rationalis
257 1735 351 1792 corpora
360 1725 471 1786 coelestia,
485 1721 552 1789 qnam
564 1722 615 1787 ipsa
627 1721 737 1774 excedent
750 1733 831 1784 corpus

36 1788 171 1845 humanam.
195 1793 261 1847 Unde
280 1807 326 1846 non
345 1799 382 1848 ost
400 1794 562 1846 mmnveniens
581 1794 602 1844 si
618 1804 710 1856 corpora
730 1790 831 1843 colestia

36 1864 128 1925 proptor
145 1863 266 1916 hominem
276 1864 393 1930 incense
402 1864 517 1929 dicantnr;
531 1874 578 1914 non
587 1867 663 1915 tamen
673 1861 832 1927 sicntpnopter

39 1931 189 1998 principalem
209 1934 292 1999 tinem,
306 1933 359 2000 qnia
378 1933 509 2000 principalis
525 1931 577 1984 finis
591 1933 691 1985 omniurn
709 1934 744 1984 est
759 1931 828 1983 Dens.

41 2085 114 2134 noiids
126 2100 156 2132 en
171 2088 251 2134 verbis
264 2087 345 2134 Christi
359 2089 469 2134 habeatur
482 2087 577 2138 datto„
591 2089 657 2146 xiii,
677 2084 739 2144 qnod
751 2083 830 2146 (stipo-

42 2140 98 2191 dnat
113 2149 180 2195 sicut
192 2150 244 2200 sot,
260 2161 303 2196 nee
316 2149 362 2196 tate
373 2147 538 2197 incrementum
550 2149 660 2202 addatnu
675 2147 718 2192 atei
732 2146 829 2201 carpen-

40 2211 126 2254 stemus
140 2211 165 2254 in
186 2223 240 2257 enm
261 2211 351 2270 locum,
365 2212 451 2258 licinii.
472 2211 579 2257 xcviii:
596 2211 651 2258 Non
664 2210 723 2266 poio
736 2207 830 2252 tentem

41 2267 94 2313 entia
105 2271 188 2317 insint·
197 2271 325 2332 [alpedani
338 2269 459 2333 (inquit),
473 2273 513 2320 aed
526 2273 585 2330 quie
598 2269 664 2316 cidit
676 2269 829 2327 manifestim

42 2333 82 2372 nont
96 2331 211 2380 incidiae·
222 2334 268 2380 iiie
278 2339 343 2384 ostro
358 2336 484 2385 sociosne,
497 2331 609 2392 exemplo
625 2331 693 2378 nodie
704 2335 761 2376 noto
770 2340 829 2387 pro·

39 2393 110 2498 mi
117 2397 206 2500 &qnasi
217 2397 292 2453 iustos
304 2399 378 2444 iucem
389 2397 487 2445 aetatem
499 2405 632 2444 excessuros
642 2394 678 2439 inis
688 2393 743 2450 ipsis
753 2391 829 2440 vorbis

98 2466 127 2500 ne
141 2490 148 2503 .
