1966 3304
107 109 153 157 tta
251 114 636 166 eorrummu1,0ussr.r.rrr‚
652 113 708 154 aar.
724 116 758 154 vr.

106 199 192 262 potest.
207 196 266 260 Ergo
279 195 349 246 mutto
365 194 455 258 minis,
464 194 555 257 quando
571 191 694 244 divortium
711 192 775 258 juste
791 194 831 246 est
844 195 920 248 cele·
979 199 980 202 ’

106 269 195 320 brutum
204 277 213 332 ,·
223 265 376 322 reconciliatio
389 265 439 317 tien'
451 268 536 330 potest.

137 341 182 392 Sed
195 343 273 392 contra
286 342 337 401 est,
351 337 412 402 quod
430 336 514 389 dicitur
524 337 544 386 t.
558 337 629 397 Coa,
642 337 694 388 vit:
710 355 725 386 u
735 339 800 400 Quod
814 340 834 390 si
853 341 912 392 dis-

106 411 211 474 cesserit,
226 423 319 460 manere
335 409 474 473 innuptam,
486 411 526 460 aut
538 409 640 461 virosuo
654 411 807 462 reconciliari.
824 427 855 467 nv
921 460 924 468 ,

137 483 265 545 Praeterea,
275 481 395 546 vispotest
404 493 455 532 eam
469 493 517 532 non
528 479 642 532 dimittere
651 485 704 546 post
718 481 913 536 fornicationem.

107 558 183 621 Ergo,
198 554 278 606 eadem
290 553 394 616 ratione,
407 556 485 617 potest
497 565 548 604 eum
561 555 613 618 post
623 552 744 606 divortium
755 554 915 609 reconciliare

107 629 160 680 sibi.

138 701 300 766 (comedero.
310 699 470 752 -Potostair
482 709 576 750 uxorem
591 695 658 748 cauca
671 696 774 750 adulterii
787 699 914 753 dimissam

106 784 226 832 revocare,
243 772 264 823 si
277 773 397 824 emendata
409 769 568 835 pertundam
581 769 611 820 de
623 773 717 834 peccato
731 769 813 834 egerit.
832 770 915 824 Secus

106 857 153 896 non
173 847 262 908 potest,
277 842 466 909 quemadmodum
483 855 526 894 neo
542 841 641 894 retinere
659 841 780 907 dpecoato
793 841 912 896 desistere

107 918 232 968 nolentem.
247 923 254 980 t

136 988 274 1053 Respondco
292 988 429 1052 dicendum,
443 987 505 1052 quid
526 985 546 1038 si
567 998 640 1049 uror,
653 995 705 1050 post
720 985 860 1049 divortium,
877 988 915 1040 de

106 1064 201 1126 peccato
213 1060 374 1126 poenitentiam
384 1072 470 1124 agens,
483 1058 602 1110 emendata
611 1057 694 1119 tuerit,
706 1059 784 1123 potest
800 1070 852 1108 eam
862 1058 914 1110 sihi

106 1131 140 1182 uir
157 1131 313 1184 reconciliare.
324 1133 350 1183 si
364 1135 441 1183 sutem
452 1132 477 1182 in
487 1133 585 1196 peccato
593 1128 753 1196 incorrigibilis
762 1132 848 1193 manet,
859 1143 915 1183 nou

106 1204 237 1256 debetcum
256 1215 411 1268 reassumere,
428 1204 510 1255 eadem
524 1202 611 1253 ratione
627 1214 673 1266 qua
688 1213 739 1253 eam
760 1202 878 1254 nolentem
897 1204 914 1256 a
981 1203 982 1212 ’

106 1279 201 1340 peccato
212 1275 332 1340 desistere,
350 1289 398 1328 non
410 1275 495 1327 licebat
509 1274 618 1326 retinere.
727 1321 729 1325 .

138 1347 172 1398 ud
185 1347 284 1412 primum
297 1361 351 1413 ergo
364 1347 500 1411 dicendum,
510 1346 571 1412 quod
581 1347 694 1398 sentenia
706 1346 815 1398 Ecclesiae
828 1347 912 1400 diuor-

105 1420 164 1470 tium
174 1418 318 1480 eelebrantis‚
329 1432 375 1471 uon
384 1419 429 1470 tuit
440 1431 525 1482 cogens
537 1418 567 1469 ad
578 1418 764 1482 separationem,
777 1419 817 1472 sed
829 1417 912 1472 icen-

104 1492 159 1542 tiam
170 1493 284 1556 prebens.
295 1493 325 1543 et
339 1492 391 1544 ideo
408 1493 494 1555 absque
506 1490 668 1542 retractatione
686 1490 836 1555 precedentis
849 1505 911 1544 sen-

104 1564 183 1615 tentis
193 1567 269 1628 potest
280 1563 435 1615 reconciliatio
446 1562 520 1627 sequi.

136 1635 173 1686 dd
190 1637 314 1688 secuudum
324 1636 460 1698 dicendum,
474 1633 536 1700 qnid
548 1633 685 1699 paenitentia
698 1633 775 1686 uronis
788 1634 907 1689 debetin-

105 1708 187 1758 ducere
201 1707 275 1759 nuum
291 1711 317 1759 ut
329 1721 424 1760 uxorem
436 1707 586 1759 fornicantem
599 1719 646 1758 non
662 1710 756 1758 aumset
771 1711 812 1758 ant
825 1709 908 1764 dimit-

104 1782 153 1840 tat3
169 1780 209 1830 scd
228 1784 367 1832 tamennon
387 1783 464 1846 potest
476 1780 505 1830 ad
517 1782 562 1831 troc
577 1777 637 1842 moi.
651 1780 698 1831 ttae
712 1781 789 1844 potest
801 1793 842 1844 per
853 1795 908 1848 pm·

104 1849 225 1900 nitentium
237 1863 290 1900 eum
304 1864 361 1903 uror
374 1852 403 1902 ab
416 1850 562 1902 amusatione
575 1850 697 1914 repetteue;
713 1850 781 1914 quia,
795 1859 905 1908 cessante

105 1920 172 1984 culpa
185 1925 208 1972 et
223 1923 333 1986 quantiam
349 1923 378 1973 nd
390 1927 464 1974 actum
476 1926 501 1973 ct
514 1920 624 1986 quantum
642 1923 670 1973 ud
684 1923 812 1988 moutam,
829 1925 908 1977 adhuc

105 1997 181 2042 rnanet
191 1992 276 2057 aliquid
289 1994 317 2045 de
329 1998 410 2056 reatu3
423 1996 447 2044 et
457 1993 562 2044 cessante
570 1995 636 2043 reatu
646 1993 720 2057 quoad
729 1995 813 2059 Deum,
828 1996 907 2050 adhuc

104 2067 181 2115 manet
192 2068 268 2123 reatus
281 2065 355 2129 quoad
365 2077 457 2130 paenam
471 2066 571 2116 humano
580 2061 667 2130 judicio
681 2064 836 2131 iniciendam,
848 2069 907 2134 quia

104 2135 592 2198 mmwmmm·

134 2209 169 2260 ad
180 2208 272 2260 tertium
285 2208 417 2270 dicendum,
426 2209 487 2273 quod
496 2209 552 2260 iilud
563 2210 624 2274 quod
635 2209 783 2262 induciturin
797 2212 903 2265 tenorem

103 2279 209 2344 alicrpus,
226 2293 273 2331 non
286 2279 340 2331 tacit
352 2279 376 2331 ei
387 2279 554 2344 prejudicium.
565 2282 644 2344 Unde,
664 2281 717 2334 cim
729 2282 852 2334 diuortium
870 2286 903 2337 sit

102 2347 219 2403 inductum
232 2353 257 2403 in
269 2353 369 2404 tutorem
382 2351 442 2415 riri,
455 2366 503 2404 non
514 2353 588 2406 aufert
601 2354 623 2404 ei
633 2354 684 2418 eius
695 2352 787 2418 petendi
799 2353 903 2408 debiturn

103 2423 139 2475 ret
150 2425 273 2476 revocandi
292 2437 404 2488 uxorem;
418 2425 479 2475 unde
494 2437 552 2476 uror
570 2428 662 2477 tenetur
675 2425 814 2492 eireddero,
828 2430 853 2478 et
875 2430 904 2478 ad

103 2508 156 2546 eum
168 2497 261 2558 redire,
279 2498 299 2548 si
310 2496 381 2550 tuerit
395 2500 517 2560 reuocata;
535 2497 626 2561 nisi-dc
641 2496 799 2563 licentiosius
822 2501 902 2553 uotum

105 2566 252 2619 continenti-u
267 2567 379 2620 emiserit.

134 2638 168 2689 td
186 2642 291 2702 quartum
305 2641 423 2692 dicendum
431 2678 440 2706 ‚
454 2639 515 2707 quod
531 2642 625 2706 propter
642 2641 779 2695 adulterium
790 2642 852 2708 qnod
868 2643 903 2694 uir

103 2707 166 2772 prius
182 2707 292 2760 innocens
304 2715 356 2776 pust
368 2711 490 2764 divortium
503 2712 647 2777 committit,
661 2711 788 2764 secundirm
801 2713 900 2778 rigorem

100 2779 160 2846 juris
176 2792 224 2830 noa
233 2780 300 2832 debet
313 2783 365 2848 cogi
377 2785 405 2835 cd
418 2783 677 2850 recipiendumarorem
685 2783 819 2836 adulterum.
835 2783 902 2838 Prius

101 2856 195 2916 tuen,
210 2852 334 2906 amandam
347 2855 475 2921 aquutm
491 2856 569 2923 juris,
582 2857 655 2923 juder
667 2869 698 2909 ex
709 2855 788 2910 officio
800 2869 843 2911 uuo
856 2857 901 2910 dc·
