1968 3294
194 123 225 164 ii!
239 122 306 164 10Βο
321 125 368 170 Quo
385 125 469 166 studit
485 129 513 165 SE
528 127 662 178 nundum,
678 129 730 169 ulti.
807 137 853 188 Μ

48 197 127 249 cedit.
146 197 196 250 Sed
207 199 232 248 in
245 200 318 251 beris
329 200 373 252 orit
385 201 549 266 perlectissima
563 202 669 254 curdus.
688 204 748 268 urm
756 207 853 259 nmini

48 269 160 320 miseriis
174 270 330 322 damnatorum
344 272 518 336 compatiuntur.

82 343 112 390 s.
127 341 257 402 Preterea,
272 340 333 392 teati
345 354 459 406 uunquam
473 346 541 393 eruut
553 345 641 394 tantum
653 345 752 409 elongati
761 346 776 398 d
785 359 852 400 com·

49 411 179 474 passione,
196 415 304 476 qnantum
317 413 377 463 Deus
390 416 434 463 cst.
450 413 494 464 Sed
508 413 568 464 Deus
580 415 744 477 quodammodo
755 417 852 470 miseris

50 481 145 532 nostris
162 481 309 545 compatitur;
323 482 420 532 undeet
440 484 585 533 misericors
595 484 691 548 dicitur;
706 489 730 536 et
747 485 851 540 similiter

50 551 144 614 angeli.
160 551 221 612 lirun
231 551 291 603 beati
300 551 466 616 compatiuntur
476 552 572 604 miseriis
584 555 748 606 damnatorum.

84 621 134 672 sed
149 625 228 674 conua
242 637 248 672 τ
260 622 393 686 quicumque
412 622 480 672 alicui
497 624 640 686 compatitur,
653 625 679 674 lit
692 624 788 680 miseris
800 625 851 691 ejus

51 692 227 754 quodammodo
234 693 356 758 particeps.
367 692 412 744 Sed
422 692 482 745 beati
495 705 542 744 nou
555 698 652 757 possunt
662 708 712 748 csse
729 696 850 761 participes

53 763 158 824 elimino
165 763 270 815 nimrim
279 765 337 826 Ergo
346 762 444 814 numeris
452 764 608 815 damnatorum
617 777 664 816 non
672 765 847 830 compatiuntur.

85 833 252 894 (Goumusuo.
264 833 362 885 -Cdm
379 833 478 884 damnati
495 847 540 884 nou
560 834 649 898 possint
669 835 736 888 isca
757 838 849 890 miseria

52 905 189 966 transferri,
202 917 249 957 uon
271 907 366 969 possum
386 904 446 954 beati
464 904 587 955 ecundun
611 910 694 958 motam
715 908 849 962 eletionem

52 973 157 1025 missum
169 985 247 1026 eorum
257 973 375 1039 ‘computi3
388 986 416 1024 ac
426 973 520 1038 proinde
533 985 577 1025 noc
590 987 689 1038 unquam
704 978 846 1043 compatieu·

52 1048 101 1094 tur.
116 1044 127 1106 )

86 1114 227 1178 Respondeo
240 1115 370 1176 dicendum,
380 1114 438 1178 qudd
455 1113 606 1166 misericordia
616 1116 653 1166 rel
666 1117 792 1180 compassio
804 1132 846 1183 po-

53 1189 103 1236 test
122 1186 149 1234 in
170 1184 246 1249 aliquo
261 1184 357 1236 inueniri
374 1185 491 1248 dupliciter
513 1199 519 1232 ε
536 1196 582 1234 uuo
597 1185 663 1236 modo
671 1221 680 1248 ‚
694 1198 736 1248 per
755 1191 846 1240 modum

52 1253 183 1319 passionis;
198 1255 336 1319 ullomodo,
353 1256 499 1320 posmodum
517 1254 646 1306 electionis.
664 1256 775 1306 lubeatis
795 1258 845 1320 qul·

53 1327 109 1377 dem
120 1338 168 1377 non
181 1326 226 1376 erit
237 1325 311 1390 aliqua
323 1326 398 1390 passio
412 1324 435 1375 iu
447 1329 510 1389 purte
520 1324 634 1388 interiori,
646 1325 690 1376 uisi
703 1338 845 1390 consequens

52 1396 191 1448 electionem
201 1398 305 1449 rationis.
320 1396 383 1448 Unde
393 1409 440 1447 nou
452 1396 495 1447 erit
507 1396 532 1446 in
544 1395 579 1446 cis
591 1398 717 1460 compassio
729 1397 767 1448 uel
775 1400 844 1450 mise-

52 1465 162 1528 ricordia,
176 1467 221 1518 uisi
233 1467 356 1518 secundum
369 1467 503 1518 electionem
513 1466 614 1517 edonis.
624 1467 672 1517 lioc
682 1471 759 1518 aulem
768 1470 843 1531 modo,

53 1551 84 1586 ex
110 1537 221 1588 electione
243 1537 354 1600 rationis,
369 1537 519 1588 misericordia
538 1536 575 1588 vel
590 1538 716 1600 compassio
733 1539 843 1603 nascitur,

52 1611 122 1672 prout
132 1609 219 1659 scilicet
232 1608 313 1672 aliquis
324 1609 373 1658 uult
382 1608 464 1658 malum
479 1607 570 1658 alterius
584 1608 671 1671 repelli.
683 1609 746 1660 Unde
760 1610 785 1660 in
798 1611 843 1661 illis

52 1693 106 1742 quac
119 1679 242 1730 sccunddn
255 1679 365 1730 rationem
378 1677 457 1744 repelli
474 1691 522 1729 uon
535 1677 650 1740 volumus,
663 1681 841 1741 compassionem

52 1751 122 1800 talem
133 1763 178 1800 nou
192 1751 308 1802 hammus.
323 1753 459 1800 Peccatores
472 1752 547 1799 auteur
556 1781 563 1809 ,
573 1749 679 1812 quamdiu
693 1754 747 1800 suut
761 1751 784 1801 iu
800 1753 843 1804 lucc

52 1821 149 1882 mundo,
160 1820 183 1870 in
196 1821 237 1870 lali
246 1825 305 1874 stulu
319 1824 372 1871 sunt
380 1819 441 1884 qudd
454 1820 504 1871 siue
515 1819 646 1883 prejudicio
656 1819 738 1872 divine
748 1813 842 1886 justitie

52 1894 151 1958 possunt
160 1890 185 1940 iu
195 1889 357 1942 beatitudiuem
369 1890 483 1941 translerri
496 1889 509 1938 d
521 1894 581 1940 statu
595 1890 691 1943 miserie
705 1896 729 1942 et
741 1895 839 1956 peccati.

53 1961 84 2012 lit
99 1961 150 2010 ideo
162 1961 288 2024 compassio
306 1961 334 2011 ad
356 1972 396 2011 eos
413 1960 487 2010 locum
508 1959 592 2022 nabot,
606 1965 631 2011 ct
642 1961 765 2011 menedon
777 1962 841 2014 eleo-

52 2031 139 2082 tionem
151 2031 272 2081 uoluntatis
287 2031 368 2094 (prout
385 2032 457 2094 deus,
472 2029 561 2094 angeli,
573 2034 598 2081 et
609 2031 672 2082 beati
685 2032 720 2082 eis
742 2035 840 2095 compati

54 2101 170 2161 dicuutur,
188 2111 265 2150 corum
278 2104 372 2152 salutem
393 2100 506 2164 solemn)
522 2105 545 2151 et
563 2102 686 2152 secuudum
701 2101 839 2164 passionem,

54 2171 114 2222 sicut
125 2170 290 2235 compatiuntur
302 2171 336 2221 eis
350 2170 522 2221 dominacioni
535 2171 559 2221 in
572 2173 632 2220 statu
643 2171 687 2220 vie
705 2170 838 2223 existentes.

55 2242 98 2294 Sed
111 2243 134 2292 ln
150 2244 224 2294 lulum
236 2257 281 2294 nou
295 2247 402 2308 poterunt
415 2241 552 2294 translemid
567 2254 607 2292 sua
620 2243 721 2292 miseria.
736 2243 800 2294 Unde
810 2246 838 2296 ad

54 2325 129 2365 eorum
140 2312 242 2364 miserias
258 2326 304 2364 nou
318 2314 399 2378 poterit
410 2325 460 2365 esse
472 2312 599 2376 compassio
612 2312 736 2362 secuudum
749 2312 840 2365 electio·

54 2396 104 2434 nen
119 2381 209 2434 motam.
223 2381 252 2434 Et
263 2385 315 2437 ideo
332 2383 394 2436 beati
406 2384 447 2448 qui
459 2385 526 2435 erunt
539 2381 662 2446 inpleris,
676 2381 765 2436 nullam
777 2394 839 2434 con·

55 2452 179 2516 passionem
194 2453 223 2505 ad
236 2454 354 2508 damnatos
365 2454 488 2505 lambunt.
546 2463 548 2468 ·
859 2441 885 2464 ⁹

84 2523 117 2574 lld
130 2523 225 2588 primum
245 2537 298 2588 ergo
316 2525 455 2588 dicendum,
469 2521 530 2586 qudd
545 2521 644 2572 chmius
663 2523 717 2574 tunc
730 2525 766 2572 est
778 2534 839 2573 com·

55 2593 164 2659 passionis
173 2595 319 2678 principium,
328 2595 548 2673 quaudopossumus
559 2603 588 2642 ex
601 2590 711 2642 mediate
729 2591 788 2644 uelle
804 2605 839 2643 re-

55 2665 171 2718 motionem
187 2666 283 2720 miseric
296 2665 401 2730 alicujus
412 2664 458 2718 sed
473 2662 548 2715 sancti
562 2675 592 2713 ex
605 2662 714 2713 charitato
723 2663 767 2714 luoc
779 2663 838 2712 celle
874 2660 895 2682 ²*

56 2741 193 2802 nonpossunt
206 2738 235 2788 dc
248 2735 372 2799 damnatis,
382 2734 434 2786 edm
445 2734 528 2786 divine
536 2731 632 2836 justitie
644 2737 761 2798 repugnet.
775 2733 839 2783 Unde

56 2811 110 2861 ratio
124 2806 289 2870 consequitur
