1970 3326
98 208 99 212 1
159 187 187 224 nn
201 187 327 226 somnusue
344 189 486 228 ueraruonu
502 189 629 230 escurnurr
647 189 684 226 ss.
792 182 822 230 tt

79 261 195 324 ltprimum
217 264 362 325 licendum,
380 265 442 328 quud
454 265 528 329 puella
550 267 644 316 nonest
659 263 684 314 in
705 269 822 330 potestate

59 332 103 393 ratris
115 335 170 396 prasi
181 335 273 396 ancile,
290 340 319 386 ut
333 336 372 388 sui
388 337 487 400 corporis
504 339 640 401 potestatem
654 351 701 388 non
716 337 816 400 teneam

57 404 140 468 sulpurei
150 407 199 470 tlia,
211 407 239 458 ad
253 408 415 458 educandum.
430 408 460 458 Et
475 407 542 468 ideo,
561 408 687 459 secundnm
701 409 745 458 troc
758 409 820 472 quot

37 436 39 516 i
56 473 101 524 lton
113 481 153 538 est,
171 481 243 541 potest
262 493 289 529 se
304 479 333 529 in
353 482 490 542 potestatem
507 479 599 530 alterius
610 480 694 543 absque
707 493 822 532 consensu

35 527 37 576 i
56 545 100 605 priris
115 548 174 612 dare;
187 549 248 600 sicul
268 549 347 600 etiam
365 553 441 614 potest
459 550 553 613 aliquis,
569 550 605 600 rel
626 550 714 614 aliqua,
736 551 822 602 intrare

54 617 148 679 reigioren
162 622 244 685 absque
254 635 379 674 ¹consensu
389 625 516 685 parentum,
528 621 581 672 elim
589 620 619 671 sit
628 634 725 685 persona
738 621 819 674 libera.

33 714 34 753 p
73 691 94 738 ll
107 693 359 744 secundumdicenrlum
371 730 378 754 ‚
391 693 451 756 quod
472 697 534 742 actus
547 697 623 744 noster
639 693 819 757 inpoenitentia,

52 764 124 822 pransis
133 765 160 814 sit
170 765 196 816 rie
214 764 321 816 essentia
339 764 489 827 sacramenti,
501 777 547 815 non
561 768 639 815 lamen
657 768 691 814 est
703 765 821 816 sufficiens

51 834 68 880 al
78 833 208 886 inducendum
221 837 359 900 proximum
374 835 479 886 ellectum
495 835 645 896 sacramenti,
656 836 744 886 scilicet
756 837 822 888 ahso-

32 959 33 966 ἶ
51 902 128 956 lrlonrnr
141 907 277 971 ipercatis.
294 909 328 958 ut
345 907 398 958 ideo
415 910 503 970 oportet
522 907 597 971 quod,
613 907 639 957 ad
659 907 822 972 perfectionem

31 995 32 1020 r
51 981 166 1042 emnerii,
179 979 329 1032 interveniat
342 982 408 1030 actus
419 978 550 1030 sacerdotis.
562 979 621 1042 Sed,
633 979 657 1028 in
668 979 822 1040 matrimonio,

30 1093 31 1122 ¹
51 1052 92 1098 rrtrs
105 1051 166 1102 nostri
186 1056 240 1102 sunt
253 1064 330 1104 causa
344 1050 463 1101 sufficiens
480 1051 508 1102 arl
522 1050 676 1102 inducendum
694 1049 823 1114 proximum

51 1119 135 1182 electum,
148 1122 186 1186 qui
196 1126 233 1173 est
245 1121 378 1186 obligatio;
391 1122 444 1185 quia
458 1120 592 1186 quicumque
603 1123 638 1172 est
650 1120 686 1170 sui
697 1119 769 1184 juris,
782 1133 824 1183 po-

30 1182 31 1211 *
51 1195 107 1243 estre
118 1194 177 1245 elteri
196 1193 313 1258 obligare.
327 1195 358 1244 llt
375 1192 426 1243 ideo
443 1191 566 1244 sacerdotis
578 1190 706 1242 benedictio
719 1203 766 1240 nou
783 1203 824 1242 re-

29 1279 30 1304 1
50 1261 116 1323 uterer
128 1267 151 1316 in
164 1267 319 1317 matrimonio
333 1263 399 1330 quasi
412 1265 440 1315 de
453 1263 552 1314 essentia
568 1263 714 1314 sacramenti.

29 1370 30 1375 1
70 1337 91 1385 ll
104 1338 185 1388 tertiare
202 1337 347 1400 (licendum,
363 1335 423 1399 quoa
437 1333 504 1386 etiam
515 1335 655 1399 prohibitum
669 1337 714 1395 est,
725 1347 754 1384 ne
769 1335 825 1397 bap-

52 1405 114 1458 tisnuur
128 1411 206 1474 aliquis
223 1410 329 1474 accipiat
346 1406 518 1473 preterquamt
533 1407 664 1468 sacerdote,
674 1405 718 1454 nisi
730 1405 755 1454 in
772 1405 825 1455 orti·

52 1477 82 1527 ur
97 1481 240 1532 necessitatis.
257 1478 435 1531 Matrimonium
449 1481 524 1530 autem
540 1491 586 1528 non
603 1480 639 1526 est
658 1479 825 1527 sacramentnm

56 1553 168 1604 tessellatis.
181 1554 211 1604 Et
221 1553 277 1604 ideo
287 1564 339 1602 nou
353 1553 389 1600 est
405 1549 485 1600 similis
499 1549 566 1600 ratio.
582 1545 733 1598 Prohibentur
748 1550 824 1598 aulem

29 1661 30 1679 ,
53 1619 159 1676 clandestina
181 1623 348 1686 matrimonia,
363 1625 454 1686 propter
471 1621 573 1686 pericula
593 1633 643 1684 quae
660 1619 713 1670 inde
734 1619 826 1670 evenire

30 1689 32 1774 'f
54 1693 115 1758 solent,
127 1698 178 1761 quia
194 1699 335 1762 frequenter
348 1695 373 1744 in
389 1693 470 1744 talibus
483 1698 519 1743 est
539 1692 615 1753 aliqua
634 1690 697 1740 iram
713 1702 742 1738 ex
757 1689 826 1740 altera

52 1770 102 1829 partu
112 1767 320 1831 trequentereliam
329 1766 359 1816 ad
372 1764 427 1817 talia
438 1763 545 1828 conjugia
554 1763 688 1822 creseunt,
704 1760 757 1810 dum
772 1773 826 1822 pre-

29 1835 31 1899 l
51 1834 101 1886 nitent
111 1839 136 1888 de
147 1839 192 1890 illis
210 1852 265 1902 quae
286 1835 366 1888 subito
380 1835 438 1885 lacte
452 1838 513 1897 sure
527 1838 551 1885 ει
560 1832 630 1882 mullo
640 1830 683 1881 alia
697 1831 756 1880 mala
773 1831 826 1881 inde

53 1906 136 1969 tollunt,
149 1914 172 1960 et
181 1910 289 1974 speciem
302 1905 454 1972 turpitudinis
463 1908 545 1969 praeter
558 1905 602 1954 lroc
617 1903 710 1952 habent.

71 1979 94 2028 ld
105 1986 202 2042 quartum
213 1980 361 2041 dicendum,
372 1975 434 2041 qnid
444 1990 489 2028 non
498 1979 550 2027 sunl
562 1974 678 2039 prohibita
688 1972 827 2024 clandestina

52 2049 165 2102 cerimonia
175 2054 243 2117 quasi
258 2056 342 2104 contra
356 2047 484 2100 essentialia
495 2045 633 2098 matrimonii
646 2043 781 2106 existentia,
797 2043 828 2093 si·

52 2123 78 2167 ert
88 2127 130 2171 sunl
138 2125 249 2187 prohibita
263 2119 416 2174 matrimonia
428 2119 596 2182 illegitimarum
608 2128 764 2180 personarum,
778 2127 829 2177 quae

29 2193 31 2218 ³
52 2195 87 2240 sunt
96 2197 179 2248 materia
190 2196 296 2248 indebita
305 2191 366 2244 huic
376 2192 527 2242 sacramento.
538 2189 567 2240 Et
576 2187 627 2239 ideo
638 2199 684 2239 non
694 2189 728 2236 est
741 2185 826 2236 simile.
