1958 3314
115 137 163 188 296
245 148 555 198 sternutamentis.
572 150 642 200 unx,
657 148 713 190 tur.
731 149 773 188 nn.

112 226 137 278 si
154 226 217 278 enirn
237 240 278 292 per
298 223 458 278 contritionem
475 225 548 278 deleti
563 225 631 294 culpi
650 239 697 278 non
712 226 799 280 totlitur
813 239 843 280 ex
866 230 920 282 tuto

113 303 191 352 reatus
205 313 293 364 poeuoe,
311 311 355 350 nec
367 297 436 350 etiam
450 311 540 362 semper
552 297 652 350 venialia
668 298 767 350 dimissis
780 301 921 353 mortalibus

113 373 238 433 tolluntur,
249 375 273 422 et
287 369 377 433 justitia
385 372 430 422 hoc
440 370 512 434 exigit
522 374 549 422 ut
558 374 677 435 peecatum
692 383 734 434 per
743 384 835 436 plenam
847 372 919 425 debi-

96 501 97 506 η
113 448 161 495 nan
174 443 299 505 ordinetur,
314 445 403 506 oporte
413 442 476 506 quod
483 441 523 495 ille
532 442 571 506 qni
580 447 632 508 post
644 441 804 497 contritionem
817 445 848 496 do
861 458 921 510 peo-
968 495 969 514 ἦ

115 517 165 568 cato
174 517 199 566 et
208 513 373 566 ahsolutionem
387 514 476 566 decedit
486 519 539 566 ante
546 515 724 567 satisfactionem
733 515 850 580 debitam,
863 522 923 584 pust

114 589 175 639 inuno
196 586 267 637 vitum
285 585 402 650 puniatur.
415 586 452 637 lit'
464 586 516 638 ideo
530 585 564 637 illi
584 585 625 651 qui
641 585 796 650 purgatorium
814 592 921 651 negant,

114 661 194 709 contra
208 657 308 708 divinam
320 655 432 720 justiliam
445 657 581 722 loquuntur,
593 660 618 708 et
633 660 724 722 propter
735 658 779 708 ltoc
795 670 921 710 erroneum

113 733 149 780 est
163 729 261 780 etdlide
275 728 384 780 alienum.
394 729 458 780 Unde
467 729 590 792 Gregorius
599 730 724 794 Nyssaenns
740 731 793 793 post
805 729 923 794 urrednta
969 745 970 790 t

113 801 184 852 rerba
203 799 321 866 subjungit
334 815 340 850 r
356 816 370 848 <r
383 801 431 852 Hoc
444 800 591 865 predicamus
603 801 686 864 dogne
702 799 807 852 neritutis
820 814 920 854 sernen-
969 803 970 812 ¹

113 877 165 935 tes,
178 878 202 925 et
215 873 245 926 itn
264 872 392 937 credimos3
410 874 454 928 noo
475 873 543 924 etiarn
557 873 694 928 uniuersalis
711 872 815 924 Ecclesia
835 878 920 939 leuet,

114 957 155 1008 nro
165 944 278 998 deiunetis
288 955 385 999 exorans
396 948 421 996 ut
431 957 444 996 a
453 943 552 1010 peccatis
563 943 696 1007 solvantnr;
712 959 725 990 n
740 944 802 1007 quod
816 957 866 996 nun
879 960 921 1011 po-

114 1019 161 1066 test
179 1015 223 1068 nisi
236 1016 264 1067 de
284 1015 331 1067 illis
351 1014 391 1078 qni
407 1015 498 1066 suntin
514 1015 661 1080 purgatorio,
674 1014 782 1078 intelligi.
805 1017 922 1074 diocesis}

115 1091 192 1139 autem
212 1087 340 1140 summitati
354 1086 492 1151 quicunque
502 1086 603 1151 resistit,
613 1087 720 1140 heresim
733 1085 838 1140 incurrit.
970 1147 971 1150 Ἴ

148 1160 181 1210 dd
194 1159 291 1224 nemun
304 1171 358 1222 ergo
369 1157 503 1221 dicendum,
513 1158 574 1223 qudd
588 1159 712 1212 auotoritas
722 1158 761 1210 illa
774 1158 877 1223 uruntur
892 1163 923 1214 de
970 1153 971 1166 ¹

115 1231 191 1284 labore
209 1231 347 1296 operationis
359 1231 389 1281 ad
408 1231 556 1292 merendum,
571 1232 597 1284 et
608 1242 653 1282 non
667 1230 696 1282 de
709 1228 787 1282 labore
800 1231 922 1296 passionis

115 1303 143 1354 all
161 1303 313 1367 purgandum.
971 1312 972 1398 t

147 1373 182 1426 td
199 1375 323 1434 secundum
343 1372 478 1436 dicendum,
495 1372 557 1437 quod
572 1373 656 1426 melum
674 1386 721 1424 non
733 1372 805 1426 dubet
822 1387 921 1429 cauaem
971 1409 972 1438 ;

115 1447 255 1510 perlectam,
270 1446 310 1496 sed
323 1458 353 1496 er
370 1443 522 1508 singularibus
534 1444 660 1497 defectibus
675 1445 800 1509 contingit3
814 1447 857 1497 sed
872 1447 922 1499 dn-
971 1453 972 1492 3

116 1531 172 1568 num
188 1529 275 1568 arnna
293 1528 360 1566 eausa
376 1515 478 1580 perfecte
497 1516 625 1581 consurgit,
639 1520 665 1566 ut
677 1513 798 1580 Dionysius
812 1516 877 1570 dicit.
892 1519 923 1571 Et

116 1589 167 1642 ideo
188 1587 283 1652 quilibet
303 1588 405 1639 deiectus
423 1585 518 1652 impedit
533 1586 546 1638 i
564 1588 704 1654 perfectione
723 1586 790 1652 inuni3
805 1588 847 1640 sed
870 1604 922 1644 nou

116 1661 233 1724 quodlibet
254 1659 340 1712 bonurn
362 1658 457 1724 inpedit
475 1660 692 1713 consummationem
719 1659 817 1725 aliquaue
845 1663 920 1728 mali,

117 1732 171 1795 quin
187 1737 295 1796 nuquam
306 1736 342 1784 est
359 1731 443 1784 malum
456 1731 507 1782 siue
520 1731 596 1796 aliquo
609 1733 678 1785 bono.
693 1731 723 1782 ut
735 1733 921 1796 ideoneecatuur
972 1763 973 1786 2

116 1803 206 1855 veniale
216 1803 314 1868 impedit
326 1804 448 1856 habentem
461 1804 595 1856 charitatem
607 1818 637 1856 ne
649 1805 678 1858 ad
688 1803 817 1869 nerieotnn
830 1804 921 1860 bonurn

116 1873 223 1924 deveniet
236 1873 340 1940 (scilicet
357 1875 428 1925 ritum
444 1877 590 1940 curnem),
604 1875 713 1940 quamdiu
729 1879 855 1940 purgatum
876 1879 921 1930 sed

116 1948 235 2010 peccatum
260 1945 353 1998 mortale
370 1957 417 1998 uon
437 1950 516 2010 notest
533 1946 639 2010 inpediri
657 1961 698 2012 ner
719 1946 812 2012 aliquod
829 1947 920 2000 bonurn

117 2015 259 2080 adjunctum,
274 2015 396 2080 quominits
408 2015 484 2068 statim
500 2018 530 2068 ud
546 2017 651 2068 ultimum
671 2018 782 2070 mulorum
796 2018 919 2082 perducat.

149 2087 289 2139 eutonium
306 2086 444 2148 dicendum,
455 2087 516 2151 quod
532 2088 571 2140 ille
589 2089 628 2152 qni
644 2089 668 2140 in
688 2093 807 2156 peceatum
821 2091 920 2142 mortale

118 2157 198 2210 incidit
206 2196 215 2223 ‚
231 2157 307 2209 omnia
320 2157 379 2208 loona
398 2162 452 2210 ante
467 2163 517 2211 aeta
531 2159 669 2224 mortificat,
683 2165 708 2214 et
723 2175 775 2226 qus
785 2160 811 2210 in
822 2167 920 2225 peccsso

118 2231 207 2282 mortali
217 2231 319 2282 existens
333 2229 396 2295 iacit,
409 2237 496 2284 mortua
506 2236 561 2284 sunt
571 2269 577 2294 ‚
588 2233 642 2298 quia
653 2233 702 2298 ipse
713 2233 783 2286 Deurn
797 2232 919 2288 offendens

116 2302 194 2354 omnin
202 2303 262 2355 bona
273 2305 371 2353 meretur
384 2303 550 2368 emitteresne
561 2304 631 2356 dDeo
642 2305 719 2357 habet.
732 2303 829 2356 Undeei
840 2306 881 2368 qui
891 2306 918 2358 in

116 2377 212 2438 peceato
223 2372 312 2425 mortali
320 2373 409 2426 decedit
418 2388 466 2428 non
478 2380 555 2428 manet
569 2375 659 2441 siquod
669 2376 785 2442 prorutum
794 2380 847 2440 pust
856 2378 919 2428 itanc

115 2445 200 2508 nitent,
210 2447 269 2496 sicut
282 2449 359 2497 manet
370 2445 490 2512 aliquando
500 2461 567 2512 poetta
577 2447 600 2500 ei
610 2448 683 2512 quiin
695 2447 807 2500 charitate
816 2448 916 2513 decedit;

116 2530 168 2579 quae
181 2529 227 2568 nou
240 2530 330 2582 semper
340 2517 401 2572 delet
413 2530 480 2572 omne
492 2520 576 2570 nuatum
596 2519 657 2584 quod
675 2517 775 2582 inuenit,
785 2519 826 2572 sed
843 2521 917 2574 sulum

115 2587 160 2640 hoe
176 2589 237 2654 quod
251 2591 287 2642 est
297 2588 341 2642 eiii
351 2591 499 2647 contradunt.
