2026 3304
281 181 313 219 or
327 179 480 222 constratas
495 181 593 231 muana,
612 181 665 220 ure.
828 173 874 220 let

364 361 526 412 mulcatos
540 363 578 412 ill.
649 367 654 378 ’

65 491 154 534 turum
164 491 276 546 cognatio
286 490 540 546 teguliemontraltutur
548 491 625 536 sotim
635 491 702 535 inter
713 491 870 548 adoptantem

284 557 376 608 patrm
386 553 495 610 etjtlium
511 554 659 609 adoptatum.

98 684 135 734 dd
146 681 241 733 tertium
253 682 288 732 sic
303 682 440 745 proceditur.
454 682 548 734 Videtur
564 681 625 746 qudd
641 683 693 732 talis
707 683 810 746 coguatio
824 697 871 736 nou

65 755 219 806 contrahatur
232 753 279 804 nisi
287 753 347 805 inter
356 757 443 818 patrem
455 755 601 816 adoptantem
608 759 632 806 et
642 753 714 804 fllium
727 754 868 817 adoptatam.

64 823 167 876 Maxime
187 823 248 874 enim
269 824 358 874 ridetur
379 823 440 888 quod
462 825 554 876 deberet
575 824 680 875 contrahi
699 825 868 888 interpatrem

64 896 215 960 adoptantem
228 898 252 944 et
261 897 354 944 matrem
364 895 489 946 naturalem
498 894 599 960 adoptati
608 933 615 958 ,
623 895 683 946 mcut
702 895 783 946 accidit
795 896 820 945 in
833 909 871 946 co·

63 967 178 1028 gnatioue
190 964 311 1029 spirituali.
326 966 369 1016 scd
381 965 443 1016 inter
455 965 511 1018 talea
526 966 587 1017 nulla
604 971 640 1018 eat
654 967 761 1030 cognatio
777 967 866 1030 legalis.

65 1037 126 1100 drgo
145 1048 191 1086 nec
204 1035 264 1086 inter
280 1035 436 1099 aliquasalias
452 1047 561 1100 pomanus
579 1041 663 1102 preter
680 1038 828 1101 adoptantem
844 1042 870 1089 et

64 1109 212 1170 adoptatum.

95 1183 121 1228 a.
136 1179 264 1237 Prmterea
278 1178 385 1240 cognatio
400 1178 527 1242 inpediens
540 1179 724 1236 matrimonium,
739 1181 774 1229 est
785 1191 866 1242 perpe·

63 1254 129 1299 tunm
145 1248 344 1312 impedimentum.
357 1250 403 1300 Sed
415 1250 476 1301 lotar
488 1250 559 1300 lilium
569 1251 698 1314 adoptatum
713 1252 736 1300 et
745 1248 814 1299 liliam
825 1263 869 1300 na·

63 1320 162 1370 turalem
177 1319 306 1383 adoptantis
319 1333 365 1370 non
381 1325 416 1372 est
426 1326 561 1386 perpetuum
579 1321 782 1385 impedimentum,
794 1321 867 1384 quia>

63 1390 140 1444 soluta
159 1389 280 1454 adoptione
295 1404 337 1454 per
354 1396 448 1442 mortam
465 1391 592 1456 adoptantis
606 1392 644 1442 uel
661 1389 865 1454 emancipationem

12 1509 13 1532 ¹
63 1460 184 1525 adoptati,
198 1465 274 1527 potest
285 1463 418 1512 contrahere
430 1477 482 1512 cum
498 1476 533 1514 ea.
547 1464 605 1526 Ergo
620 1475 671 1512 cum
686 1475 713 1513 ea
725 1473 771 1512 non
788 1459 869 1513 lacuit

12 1559 13 1564 κ
64 1533 165 1596 aliquam
183 1531 372 1596 propinquitatem
387 1548 437 1596 qua
448 1533 616 1585 matrimonium
630 1533 761 1598 impediret.

98 1607 123 1654 a.
139 1605 266 1665 praterea,
280 1603 383 1666 coguatio
394 1602 521 1667 spiritualis
534 1605 559 1653 in
575 1604 659 1654 nullam
673 1617 793 1668 persomm
807 1609 869 1656 tran-

67 1676 98 1728 sit
110 1687 164 1738 que
178 1686 225 1724 nco
235 1674 308 1738 possit
320 1675 348 1724 ad
367 1675 458 1738 aliquod
470 1678 637 1726 sacramentum
650 1679 730 1726 tenere
745 1674 783 1725 rel
796 1675 868 1726 suani-

65 1760 136 1812 pem:
153 1746 216 1796 unde
233 1745 259 1796 in
272 1759 317 1798 nou
333 1747 472 1812 baptizatum
488 1759 534 1797 nou
547 1746 638 1796 transit.
662 1746 708 1797 Sed
720 1746 868 1798 muliernon

65 1821 143 1884 potest
156 1817 279 1881 adoptare,
293 1820 319 1868 ut
332 1829 363 1868 ex
373 1818 440 1869 dictis
453 1820 527 1882 patet.
540 1817 599 1880 llrgo
610 1816 715 1882 cognatio
726 1817 810 1882 legalis
820 1830 867 1870 non

64 1889 147 1940 transit
160 1887 174 1938 a
186 1887 236 1938 uiro
249 1888 275 1938 iu
283 1901 391 1940 uxorem.

95 1963 120 2010 t.
134 1960 265 2020 arccana,
281 1959 388 2022 cognatio
406 1959 531 2024 spiritualis
547 1962 584 2010 eat
596 1959 676 2010 tortior
689 1959 757 2024 quan
774 1959 866 2024 legalis.

12 2073 13 2076 ,
64 2031 108 2083 Sed
120 2027 247 2094 spiritualis
261 2042 308 2082 non
320 2031 399 2082 transit
408 2031 434 2080 in
445 2035 562 2094 nepcmm.
577 2032 636 2094 drgo
649 2043 692 2082 nec
704 2031 794 2094 legalis·
861 2077 864 2083 ,

12 2123 13 2176 p
95 2103 141 2154 sed
155 2102 735 2166 mutn,p1uscnncordatcognatlolagaliecun
752 2103 867 2166 coniunc-

65 2175 128 2225 tione
142 2173 217 2223 mrnis
227 2172 264 2222 uel
274 2173 449 2237 propagatione,
458 2172 526 2236 quim
539 2173 671 2237 spiritualis.
681 2173 727 2224 Sed
735 2171 860 2236 spiritualis

12 2263 14 2284 r
65 2244 173 2308 cognatm
191 2243 274 2294 transit
286 2243 311 2294 in
321 2244 415 2296 alteram
425 2257 554 2308 personam.
570 2246 629 2310 Ergo
642 2248 665 2294 at
678 2243 766 2306 legalla.

96 2317 224 2376 Preterea,
236 2315 264 2366 ad
275 2316 318 2366 hoc
328 2320 383 2367 sunt
395 2315 638 2379 cenomanensem
650 2315 725 2365 littera
735 2317 860 2378 ponuntur.

102 2387 269 2450 (concauam.
281 2411 313 2424 -
325 2387 417 2450 legalis
433 2388 538 2450 cognatio
552 2387 654 2440 omnium
669 2383 864 2444 descendentium,

12 2475 13 2496 ³
65 2463 88 2510 et
102 2457 375 2522 parmndurncujusdam
392 2458 508 2509 affinitatis
522 2455 769 2520 contracta,perpetud
788 2455 866 2506 matri·

66 2529 165 2582 monium
182 2529 277 2593 impedit
283 2545 292 2594 ;
304 2543 332 2580 ea
340 2535 418 2580 autem
431 2539 482 2593 nom
494 2535 530 2580 cst
542 2531 604 2580 inter
615 2529 686 2580 illium
696 2527 828 2593 adoptiuum
841 2532 865 2578 et

12 2607 13 2622 ¹
67 2601 189 2651 naturalem
204 2599 289 2661 lilium,
305 2599 506 2666 tamdiuimpedit‚
516 2602 624 2666 quamdiu
634 2599 741 2652 manserit
754 2601 780 2650 iu
789 2600 865 2663 adop-

68 2669 137 2719 tantis
149 2671 286 2732 potestate.)

96 2741 231 2804 despondeo
250 2740 388 2803 dicemlum,
402 2741 463 2806 qood
486 2741 568 2806 triplex
587 2747 623 2792 est
642 2741 721 2804 legalis
736 2739 861 2804 cognatio:

67 2810 136 2874 prima
145 2847 152 2872 ‚
162 2813 237 2876 quusi
248 2811 469 2870 descendentium,
484 2825 534 2876 qum
548 2812 689 2862 contrahitur
701 2811 760 2860 inter
775 2813 862 2872 patrem

69 2883 226 2951 adoptantem,
242 2889 265 2936 st
280 2883 351 2934 fllium
369 2885 518 2961 adoptatum,
532 2892 557 2932 et
573 2881 644 2931 lilium
657 2881 697 2932 lilii
709 2878 824 2944 aduniri,
839 2881 862 2928 et
891 2897 898 2908 ·
