1924 3322
134 132 179 190 ild
261 146 464 211 rurrmnnnrur,
477 145 572 194 ounsr.
586 145 690 199 unvair,
705 145 761 188 arr.
778 147 806 184 rr.

132 227 168 278 est
181 221 264 288 alicui,
280 223 385 288 quamde
395 221 529 275 miraculosi
544 224 623 286 detur,
637 226 714 274 tamen
725 227 788 275 ectus
797 224 839 288 qni
854 223 923 288 seqn-
948 225 950 293 3

130 302 168 349 tur
182 298 219 347 est
229 295 353 357 naturalis,
369 294 430 345 sicut
440 298 502 358 patet
513 293 537 344 in
547 309 606 348 caeco
623 297 690 358 nato,
700 295 836 346 miraculose
846 295 924 346 illumi-

130 373 198 431 nato,
213 369 253 432 qui
267 371 346 432 postea
364 367 500 418 naturaliter
519 367 664 430 videtnrgc
682 369 703 418 si
719 381 764 418 uox
782 369 859 434 aliqua
870 372 926 420 esset
949 381 951 407 r

125 454 199 502 ,saum
212 437 401 499 resumectionis,
414 441 550 492 resurrectio
564 446 626 492 esset
635 438 758 502 naturalis,
773 441 836 504 qnod
850 439 925 490 lalsun
950 443 952 504 3

129 517 173 566 est.
951 521 952 570 l

160 583 205 634 Sed
218 585 295 633 eontra
309 583 355 644 est,
367 581 427 644 qnod
444 579 528 631 dicitur
541 581 551 629 l
564 581 682 640 licerent,
692 581 721 631 rt
738 595 745 632 ε
758 583 838 646 «lpse
852 582 926 632 Domi-

129 669 174 706 nus
187 655 214 704 in
228 655 283 704 tuba
296 653 335 704 liei
347 652 468 707 descendet
482 652 513 702 dc
532 652 603 715 celo,
617 657 641 704 et
652 653 736 704 mortni
748 653 788 717 qui
800 654 825 704 in
839 653 926 704 comto

129 728 182 777 snut
194 733 346 790 resurgent.»

161 800 285 862 Praeterea,
300 800 383 852 doen..
399 797 435 858 V,
452 795 535 846 dieitur
550 811 557 846 a
570 813 584 844 c
598 797 642 856 oni
655 797 680 848 in
694 797 850 848 monumentis
869 802 925 856 suut,

129 870 222 922 audient
235 883 313 922 rocem
326 869 380 920 Filii
393 869 443 929 liei,
458 872 481 918 et
491 872 531 932 qui
545 869 658 922 audierint
667 869 754 920 uiuent.
763 885 776 916 r
786 870 843 920 llaec
855 874 926 930 arpen

129 954 175 992 uox
184 940 265 991 dicitur
275 941 338 1003 turta,
351 944 375 991 ut
385 941 408 990 in
420 939 495 990 littera
507 942 570 1004 patet
582 941 590 1003 (
600 941 629 990 lV
638 941 761 998 scateat„
774 940 878 992 distinct.
889 944 924 1002 lt,

129 1011 180 1074 §a
191 1025 232 1062 seu
246 1011 280 1062 lit.
293 1013 319 1063 B.
333 1013 352 1076 ).
364 1011 432 1076 Ergo,
448 1014 492 1062 ete.

161 1081 321 1147 (maurusio.
332 1110 364 1120 -
378 1081 433 1134 Cdrn
454 1081 555 1134 Christus
567 1096 689 1148 resurgens
704 1084 734 1134 sit
749 1097 819 1135 cansa
835 1085 926 1136 nnirocr

128 1157 211 1206 nostra
231 1153 418 1216 resurrectionis,
432 1153 602 1204 titutnostram
616 1155 805 1206 resurrectionem
826 1160 927 1222 operetur

127 1224 197 1289 tuhd3
212 1227 256 1278 hoc
269 1231 305 1278 est
318 1239 359 1277 sua
379 1239 435 1276 uoce
452 1224 592 1290 imperante,
604 1226 642 1276 vel
656 1225 799 1290 apparitione
819 1228 868 1278 uim
883 1228 926 1278 inr-

127 1297 184 1362 perii
197 1299 314 1360 debente,
329 1297 467 1349 dormientes
478 1297 613 1360 excitabit.)

151 1369 295 1434 ,Respondeo
306 1369 434 1431 dicendum,
446 1367 508 1432 qudd
519 1381 611 1418 cansam
624 1372 648 1420 et
661 1369 767 1420 ellectum
780 1375 874 1434 oportet
890 1369 926 1420 ali-

127 1453 172 1504 quo
183 1444 251 1497 modo
266 1441 389 1506 conjungi,
401 1439 454 1504 quia
470 1455 484 1488 n
497 1451 591 1490 movens
605 1444 628 1491 et
639 1443 734 1501 motura,
745 1440 835 1492 iaciens
847 1445 871 1493 et
884 1443 926 1491 lac-

127 1515 175 1562 tum
194 1516 247 1562 sunt
267 1513 351 1573 simul,
365 1528 378 1560 u
394 1515 420 1560 nt
435 1515 499 1574 patet
519 1510 542 1560 iu
559 1511 609 1562 lllll
627 1513 727 1576 desie.
744 1514 822 1573 (text.
844 1518 889 1574 lo,
904 1526 926 1562 ac

128 1582 233 1648 deinceps
242 1583 262 1649 l.
270 1584 372 1636 Christus
384 1588 460 1634 autem
471 1595 591 1646 resurgens
606 1587 641 1633 est
652 1596 721 1632 eausa
734 1582 832 1635 univoca
847 1588 926 1636 nostre

127 1655 301 1707 resurrectionis
313 1671 319 1704 :
331 1656 391 1706 ande
404 1658 494 1718 oportet
513 1654 574 1718 qrrdd
589 1655 613 1704 in
627 1653 794 1705 ressurrectione
807 1668 925 1721 corporum

127 1727 339 1790 communi,aliquo
351 1727 417 1790 signo
427 1727 538 1792 corporali
548 1727 614 1789 dato,
627 1726 729 1777 Christus
738 1730 924 1779 resurrectionen

128 1801 242 1858 operetur.
257 1799 320 1858 Quod
337 1799 428 1862 quidem
448 1797 538 1861 signnm
558 1799 601 1862 (ut
615 1797 708 1862 qnidam
722 1798 818 1860 dicunt}
836 1800 883 1850 erit
902 1798 925 1848 ad

126 1865 234 1934 litteram,
248 1883 293 1918 uox
310 1869 395 1919 Christi
412 1871 599 1921 resurrectionem
612 1869 746 1934 imperantis
752 1907 761 1934 ‚
776 1869 838 1920 sicut
853 1889 868 1920 c
887 1871 925 1920 inr-

127 1939 216 2002 perarit
229 1939 287 1989 mari
303 1944 326 1991 et
340 1941 440 1990 cessauit
452 1945 589 2006 tempestas,
603 1959 617 1990 u
632 1941 734 1998 clatet..
753 1943 812 1992 Vlll.
828 1944 925 2004 Quidem

127 2010 181 2062 uerd
195 2011 274 2064 dicunt
294 2011 354 2074 dudd
367 2013 411 2062 hoc
425 2012 516 2074 signum
535 2014 593 2064 nihil
610 2013 672 2064 alind
685 2013 729 2064 erit
741 2014 810 2078 quim
827 2015 881 2080 ipsa
895 2027 926 2064 re

126 2085 273 2144 presentatio
282 2084 378 2134 euidens
385 2083 439 2136 Filii
446 2084 486 2150 liei
493 2084 517 2134 in
527 2087 612 2138 mundo
621 2086 666 2147 „de
676 2099 720 2150 qua
730 2085 813 2136 dicitnr
822 2087 923 2144 Mettis,

125 2155 214 2206 XXIV:
228 2155 312 2206 «Sicut
326 2154 403 2220 fulgur
415 2155 463 2206 exit
474 2157 502 2210 ab
516 2157 609 2209 Oriente
620 2163 644 2210 et
658 2162 722 2221 paret
735 2171 808 2221 usqne
822 2160 849 2210 in
863 2157 925 2212 occi-

126 2226 234 2290 dentem,
246 2227 278 2276 ita
299 2225 341 2276 erit
355 2230 378 2277 et
393 2227 504 2280 aduentus
527 2228 580 2278 Filii
594 2228 709 2290 hominis;
727 2247 741 2276 u
757 2233 782 2280 et
798 2229 925 2282 innituntur

124 2297 255 2347 auctoritati
264 2296 367 2360 Gregorii
378 2298 477 2349 dicentis
490 2299 551 2364 qudd
565 2317 579 2348 c
588 2301 667 2350 tubam
682 2313 762 2350 sonare
769 2335 778 2362 ,
792 2301 853 2352 nillil
867 2299 923 2352 alind

124 2369 160 2417 est
178 2367 245 2430 qnam
259 2367 313 2418 huic
331 2371 415 2421 mundo
432 2373 457 2419 nt
471 2371 586 2433 judicem,
602 2371 672 2422 lilium
691 2371 857 2424 demonstrare.
871 2391 885 2420 n
899 2372 923 2422 ill

125 2439 250 2492 secunddm
265 2442 309 2492 lroc
320 2440 369 2505 ipsa
381 2443 495 2507 apparitio
514 2443 568 2494 Filii
579 2444 620 2494 [tei
634 2457 678 2494 uon
691 2444 741 2507 ejus
756 2444 855 2506 dicitur,
874 2445 923 2511 qnia

124 2508 146 2559 ei
157 2510 277 2573 apparenti
289 2511 381 2563 obediet
397 2517 445 2564 tcta
461 2518 540 2564 natura
553 2513 581 2564 ed
593 2527 712 2580 corporum
724 2515 878 2568 humanarum
892 2529 922 2566 rc-

124 2579 274 2642 parationem,
288 2583 348 2634 sient
362 2584 498 2649 imperanti;
513 2586 575 2636 uude
590 2586 638 2636 cin
650 2586 737 2651 jussu»
752 2589 832 2640 uenire
845 2589 923 2640 dicitnr

124 2649 235 2708 latere..
245 2653 283 2703 ltl.
303 2654 331 2704 Et
348 2655 381 2706 sic
393 2656 444 2721 ejus
458 2656 569 2720 apparitio
583 2655 606 2708 in
621 2661 731 2720 quantum
743 2655 813 2708 habet
825 2659 873 2708 uim
887 2673 921 2710 cu-

122 2720 212 2785 jusdam
229 2723 333 2790 imperii,
350 2741 398 2776 eoa
419 2728 622 2793 perdicerent
644 2729 693 2778 haec
710 2741 755 2778 vox
777 2741 921 2794 quacumque

125 2792 167 2854 fit,
182 2795 317 2860 quandoque
335 2797 420 2848 dicitur
433 2798 545 2856 clamor,
560 2799 626 2864 quasi
645 2799 758 2864 preconis
773 2801 801 2850 ad
813 2800 920 2864 judiciuin

125 2863 229 2936 citantis}
244 2869 380 2936 quandoque
398 2874 475 2922 arrtem
486 2871 568 2922 dicitur
587 2887 663 2924 renue
681 2871 761 2932 tudo,
778 2873 816 2924 uel
835 2880 921 2942 propter
