1954 3314
236 100 267 134 ne
285 99 438 136 suerrurrnrn
455 99 583 137 eburonum
599 102 734 140 eserenon.
838 96 882 142 tlte*

64 172 140 223 nullo
165 173 237 224 modo
256 174 340 237 poterit
361 175 388 224 ab
406 188 433 226 eo
452 177 562 226 removeri
584 191 624 240 per
648 177 725 228 dotem
742 179 882 232 subtilitatis.

64 245 140 294 Nihil
156 244 224 295 enim
237 249 312 310 potest
323 245 444 309 probibere
456 259 538 310 corpus
550 247 681 311 aliquodue
693 249 722 298 sit
736 249 803 299 sirnul
814 251 885 301 situa-

67 321 124 364 tum
142 329 200 366 cum
215 315 259 365 alio
270 329 380 380 corpore,
395 317 441 368 uisi
454 319 498 368 hoc
511 320 570 382 quod
581 320 643 371 ineo
656 319 752 383 requirit
768 320 882 372 diuersum

66 387 164 447 situm3
187 386 244 436 nibil
263 386 325 437 enim
343 393 379 439 est
392 389 579 454 impedimentum
596 389 740 454 identitatis,
755 391 802 441 nisi
823 394 884 456 qued

68 462 111 508 est
129 469 205 508 eausa
224 457 370 510 diversitatis.
390 460 453 510 lianc
472 465 548 510 autern
574 461 744 512 distinctionem
762 463 820 512 sitds
839 476 884 514 non

68 526 177 592 requirit
191 528 266 591 aitqua
275 529 376 592 corporis
390 530 559 594 qualitas3quia
574 533 664 596 corpori
674 546 720 584 non
734 533 830 584 debetur
840 533 883 584 ali-

71 600 130 663 quis
139 600 202 650 situs
218 600 306 650 ratione
317 615 363 652 sue
374 601 500 665 qualitatis.
515 601 588 666 Unde,
603 609 690 655 remoto
704 605 822 668 hcorpore
831 617 885 655 seu-

72 669 141 720 sibili
155 671 218 734 quid
230 671 260 722 sit
271 670 368 722 calidum
378 677 417 722 aut
430 672 552 736 trigidum,
566 678 607 723 aut
625 679 753 740 grassant
766 676 832 738 leue,
846 677 883 726 oi-

73 741 210 793 bilonrinns
223 743 247 792 ia
262 757 289 794 eo
300 748 403 794 remamt
413 743 541 794 necessitas
554 745 666 810 predicte
677 746 840 812 distinctionis,
855 752 883 798 ut

73 817 146 878 patet
170 827 212 878 per
225 813 390 879 Philosophum
404 815 428 866 in
441 815 470 864 lll
487 815 562 880 Phys.
575 819 598 866 et
610 817 677 866 etiam
691 829 733 881 per
747 818 773 867 'ee
786 819 883 882 planum

76 890 125 938 est.
145 886 256 939 Similiter
267 887 335 936 etiam
349 886 499 938 materiamen
513 890 589 951 potest
603 886 709 940 inducere
722 891 883 941 necessitatem

77 958 198 1022 praedicte
211 957 379 1018 distinctionis3
397 957 451 1020 quia
465 959 571 1017 oratorie¹
585 973 630 1010 non
644 961 737 1010 aduenit
750 962 824 1020 situs,
840 961 883 1011 nisi

61 1027 201 1099 ‘mediante
217 1028 343 1090 quantitate
356 1027 489 1079 dimensivt.
509 1029 619 1080 Similiter
632 1031 703 1080 etiam
718 1044 793 1094 neque
811 1031 884 1082 torma

78 1099 151 1150 sitnm
167 1099 255 1162 habet,
269 1099 315 1149 nisi
328 1113 357 1150 ex
368 1099 461 1150 materia
475 1099 544 1150 situm
559 1100 652 1150 babeat.
670 1101 749 1152 Restat
759 1115 814 1164 ergo
823 1103 884 1166 qubd

81 1171 214 1222 necessitas
236 1171 385 1222 distinctionis
399 1172 494 1222 duorum
513 1183 632 1236 corporum
653 1172 736 1222 insitu
753 1175 885 1226 causetur'a

82 1247 167 1292 natura
182 1241 316 1305 quantitatis
329 1241 460 1294 dimensiuae
474 1241 510 1292 cui
524 1255 565 1306 per
580 1255 605 1292 se
623 1242 731 1293 conrenit
743 1245 809 1293 situs.
822 1243 887 1295 Cedit

95 1313 147 1364 nim
158 1312 183 1362 in
192 1310 321 1364 definitione
333 1315 396 1378 ejus3
408 1315 462 1378 quia
475 1313 592 1378 quantitas
609 1313 737 1364 dimensiva
756 1319 792 1364 est
811 1329 883 1378 quan·

82 1385 139 1434 titas
153 1385 335 1436 habenssiturn.
350 1386 378 1434 lit
395 1384 448 1434 inde
466 1389 501 1434 est
519 1383 577 1444 qubd
599 1383 691 1434 remotis
704 1385 810 1435 omuibus
832 1386 882 1436 aliis

83 1469 137 1518 qnae
148 1460 201 1505 sunt
212 1455 236 1506 in
249 1470 286 1519 re,
297 1455 349 1505 talis
361 1455 514 1506 distinctionis
528 1455 653 1506 necessitas
668 1455 783 1504 invenitur
798 1458 822 1504 in
835 1457 882 1506 sola

84 1525 214 1592 quantitate
223 1526 360 1579 dimensira.
370 1527 395 1576 Si
404 1527 464 1576 enim
474 1525 664 1592 accipiatnrlinea
672 1531 785 1590 separata,
795 1531 885 1590 oportet

86 1599 106 1649 si
125 1597 173 1648 sint
186 1597 236 1648 duae
250 1597 316 1648 linear
325 1633 332 1658 ,
342 1598 378 1648 uel
388 1598 437 1648 due
451 1601 529 1662 partes
539 1597 608 1647 unius
620 1597 694 1659 lineae,
704 1597 765 1660 qndd
778 1597 824 1647 siut
834 1597 883 1648 die-

86 1671 164 1720 tinctae
180 1670 204 1718 in
221 1668 282 1728 situ;
293 1669 348 1719 ali'as
361 1670 422 1719 linea
439 1669 516 1719 addita
533 1668 601 1718 linem
616 1681 661 1718 non
677 1667 778 1718 alliceret
793 1669 882 1732 majus,

87 1741 148 1802 quod
164 1744 199 1790 est
211 1741 289 1790 contra
303 1753 446 1794 communem
463 1739 533 1788 animi
544 1738 726 1802 conceptionem.
738 1739 766 1789 Et
780 1737 883 1789 similiter

88 1815 124 1860 cst
136 1811 164 1860 de
179 1810 340 1874 superficiebus
351 1814 375 1860 et
388 1810 519 1874 corporibus
538 1809 713 1860 mathematicis.
730 1811 759 1860 Et
769 1811 823 1874 quia
835 1822 881 1859 ma-

89 1882 150 1932 terto
163 1883 257 1932 debetur
270 1881 345 1942 situs,
361 1883 384 1930 in
405 1887 512 1944 quantum
532 1881 620 1931 substat
634 1880 787 1944 dimensioni,
802 1879 884 1930 exinde

89 1953 192 2018 praedicta
206 1953 330 2004 necessitas
347 1955 375 2003 ad
390 1953 507 2004 materiam
524 1953 630 2004 situatam
642 1952 771 2016 derivatur3
786 1956 812 2001 ut
826 1951 884 2002 sicut

90 2037 135 2075 non
150 2028 185 2074 est
200 2023 308 2087 possibile
322 2037 374 2074 esse
386 2025 442 2074 duas
456 2023 528 2076 lineas
543 2025 578 2076 vel
593 2025 648 2074 duas
662 2029 739 2086 partes
752 2022 828 2082 linem,
840 2021 885 2072 nisi

92 2095 137 2146 sint
149 2095 261 2146 dbttuctae
273 2093 398 2144 secundirm
419 2095 487 2144 situm
498 2133 506 2158 ,
517 2095 548 2144 ita
563 2093 703 2158 inpossibile
720 2093 750 2144 sit
766 2107 816 2144 esse
831 2093 886 2142 duas

92 2167 196 2219 matmias
212 2167 248 2217 vel
264 2167 319 2219 duas
332 2171 407 2232 partes
420 2168 534 2224 materie,
546 2167 590 2217 nisi
606 2166 636 2216 sit
649 2165 765 2216 distinctio
782 2164 847 2214 sitris.
858 2165 886 2214 lit

92 2239 143 2303 quia
156 2239 272 2291 distinctio
282 2238 382 2289 materie
394 2242 428 2289 est
439 2237 576 2304 principium
587 2236 744 2288 distinctionis
755 2235 885 2286 indiuiduo·

93 2327 153 2376 rum,
167 2312 221 2364 iude
235 2315 271 2361 eat
283 2313 343 2375 qued
354 2311 448 2363 Boetius
464 2311 519 2360 dicit
532 2309 557 2358 in
570 2309 610 2360 lib.
624 2310 660 2358 De
672 2309 811 2366 Tra'oitote,
826 2306 887 2370 qubd

95 2401 108 2431 n
120 2384 204 2438 duobus
220 2381 351 2446 corporibus
367 2395 437 2432 unum
457 2382 530 2433 lenum
547 2381 632 2443 tingere
648 2379 709 2430 nullo
725 2379 792 2430 modo
808 2389 889 2440 possu-

94 2469 181 2516 mus‚»
200 2458 225 2502 ut
235 2456 294 2504 hauc
306 2454 386 2504 saltem
400 2452 550 2504 accidentium
568 2451 701 2501 uarietatem
714 2448 830 2500 distinctio
848 2447 883 2496 in-

94 2525 231 2576 diuiduorum
251 2524 359 2588 requirat.
372 2525 491 2576 subtilitas
507 2527 583 2572 sutem
600 2521 613 2570 tr
628 2530 720 2584 corporo
733 2519 832 2582 glorioso
848 2519 882 2567 di-

95 2595 229 2649 mensionem
239 2607 287 2644 non
295 2593 378 2644 aufert.
390 2595 453 2644 Unde
465 2593 602 2644 nullomodo
614 2590 688 2640 aufert
698 2589 742 2654 ipsi
751 2589 882 2654 predictam

95 2667 246 2716 necessitatem
258 2663 412 2715 distinctionis
422 2664 480 2715 sitds
489 2665 518 2714 ab
530 2663 577 2714 alio
585 2675 688 2726 corpere.
702 2663 731 2712 Et
742 2661 794 2712 ideo
803 2673 886 2724 corpus

96 2737 209 2800 gloriosum
226 2749 273 2786 non
294 2735 386 2786 babebit
408 2736 555 2787 nationesne
578 2733 711 2785 subtilitatis
732 2733 791 2796 qood
812 2731 886 2795 possit

95 2821 141 2859 esee
151 2808 282 2859 simulcurn
292 2806 447 2871 uliocorporc.
462 2807 505 2858 Sed
520 2807 603 2872 poterit
622 2805 690 2856 simul
704 2819 756 2856 curn
769 2803 814 2852 alio
833 2815 884 2852 cor-
