1936 3306
114 126 160 174 aaa
246 135 448 185 courtmatrut,
464 137 556 182 cussa.
573 137 653 187 uxmr,
669 138 724 176 aar.
740 137 777 176 ιν.

108 219 132 265 et
144 213 164 266 si
176 225 229 264 oum
249 212 340 264 mortali
349 213 414 276 culpa
425 211 476 276 quis
489 211 595 276 decedat,
606 214 726 266 damnatur
734 218 759 266 et
766 215 914 268 remissionis
959 266 960 278 ,

109 299 181 350 capax
199 289 305 336 nonest.
322 285 373 335 Non
384 287 461 336 numm
477 287 620 349 potestesse
635 285 696 350 quta
712 300 764 337 cum
776 285 862 338 veniali
872 287 915 338 de-
959 283 960 348 Ῑ

110 357 177 411 cedat
190 357 240 408 siue
254 355 357 418 mortali,
371 355 426 420 qnia
441 355 490 420 ipsa
501 357 574 422 gratia
583 357 658 408 linaiis
669 358 759 422 culpam
771 362 854 422 purgat
867 372 915 410 ue·
959 353 960 424 j

106 427 190 480 uialenr
201 443 208 478 a
221 427 312 478 reniale
324 426 385 478 enim
395 431 513 490 peccatum
528 427 642 492 contingit
654 441 684 480 ex
694 431 739 480 lrco
751 430 813 493 quod
826 430 913 496 aliquis
959 439 960 446 ’

106 499 222 551 Christum
235 499 324 549 habens
337 498 362 548 iu
372 497 536 562 fundamento,
548 500 618 552 nimie
631 499 723 564 aliquod
735 503 865 566 temporale
879 503 916 554 di·

106 571 172 634 ligit3
188 570 227 634 qui
236 569 329 633 quidem
339 582 486 622 excessusex
499 573 690 636 concupiscentiae
703 573 850 638 corruptione
859 589 916 628 cou-
959 569 960 642 3

106 643 183 706 tingit.
196 641 277 703 llude,
292 641 313 692 si
333 642 404 706 gratia
425 642 518 694 omnino
536 643 726 708 concupiscentiae
739 647 915 710 corruptionem
959 647 960 708 j

106 714 200 776 vincat,
215 712 275 762 sicut
292 713 316 762 in
332 714 397 763 beata
410 713 503 777 Virgine
517 715 577 778 luit,
590 727 636 766 non
653 720 730 767 manet
745 715 828 780 aliquis
848 719 916 770 locus
955 709 960 780 'f

107 785 207 848 veniali3
220 785 296 847 etita,
308 784 393 836 cirruin
404 790 474 838 morte
484 788 578 838 omuino
588 787 726 838 diminuatm
739 792 765 839 et
772 789 917 841 annihiletur
956 801 960 862 g

107 857 151 908 ista
168 856 363 921 concupiscentia,
384 858 492 922 polentiae
517 859 597 910 anima
617 859 717 910 totaliter
740 859 820 922 gratie
843 861 916 928 subji-
953 867 960 922 ,Τ

109 930 213 992 ciuntur,
228 933 253 980 et
266 928 354 980 reniale
368 929 500 994 expellitur.
515 929 561 980 Sed
576 931 626 981 hac
640 931 718 995 opinio
729 931 811 984 lrircla
824 938 876 996 est,
893 939 918 985 et
953 944 960 996 'j

107 1000 132 1050 in
142 1014 178 1061 sc,
190 1004 213 1050 et
223 999 248 1050 in
262 1013 390 1051 oausasua.
406 1002 433 1050 ln
448 999 588 1065 sequidem,
601 1001 878 1064 quiadictissanclorum
892 1010 918 1055 et
953 1021 955 1052 r

109 1071 228 1135 Evangelii
240 1071 386 1131 adversatur,
398 1084 450 1134 quae
464 1083 510 1121 non
524 1075 621 1134 possum
634 1072 720 1136 erponi
734 1073 764 1124 de
774 1075 917 1137 remissione

108 1141 233 1194 venialem
246 1145 357 1206 quantum
370 1143 398 1194 ad
408 1155 508 1206 poenaar,
521 1147 545 1193 ut
556 1143 663 1207 Magister
676 1141 701 1193 iu
709 1143 786 1194 littera
797 1145 856 1196 dicit
866 1147 916 1212 (lv.
959 1149 960 1167 ³

109 1215 230 1270 Seateot..
243 1213 295 1264 dist.
309 1213 372 1278 21),
386 1213 440 1277 quia
453 1213 486 1265 sic
495 1219 542 1264 tam
551 1215 612 1267 leuia
627 1215 695 1278 quam
708 1215 786 1279 gravia
796 1217 823 1267 in
837 1218 918 1270 lutuno
954 1235 960 1277 ς

109 1285 267 1348 dimittuntur;
282 1285 403 1350 Gregorius
418 1288 495 1338 autem
509 1285 571 1338 lenes
585 1287 665 1350 culpas
678 1285 767 1337 tantiam
783 1291 839 1351 poet
856 1290 918 1341 hauc
953 1291 960 1363 g]

109 1357 180 1408 vitam
194 1357 279 1410 remitti
292 1357 397 1421 perhibet
412 1371 418 1407 ε
430 1369 472 1408 uec
486 1357 569 1408 sufficit
581 1359 641 1422 quud
652 1357 730 1408 dicunt
748 1357 812 1422 qudd
821 1361 868 1411 hoc
881 1362 918 1412 di·
958 1373 960 1390 ³

110 1429 169 1485 citur
178 1429 307 1494 specialiter
320 1429 349 1480 de
359 1429 460 1492 levibus,
471 1443 500 1483 ne
510 1433 603 1494 putetur
613 1429 670 1482 uiluil
680 1443 750 1494 grave
763 1443 806 1494 pro
817 1431 854 1486 eis
869 1447 917 1486 non
955 1425 960 1505 ,ἶ

109 1515 218 1569 passuros
232 1517 238 1554 a
254 1501 308 1566 quia
324 1500 429 1558 remissio
442 1513 518 1566 pean
538 1502 609 1566 magis
622 1501 695 1554 aufert
712 1503 853 1566 munimem.
864 1521 919 1570 pm-
959 1501 960 1504 ’

109 1569 190 1628 narum
199 1573 267 1637 quam
276 1575 355 1638 ponat.
367 1574 482 1633 Quantum
490 1573 519 1624 ad
529 1586 621 1625 eausam
633 1577 708 1626 autem
716 1573 797 1626 frivola
808 1582 918 1640 apparet,
957 1565 960 1628 i

110 1646 163 1710 quia
175 1645 278 1698 delectus
292 1644 424 1709 corporalis,
436 1643 509 1708 qualis
519 1647 556 1696 est
565 1644 591 1696 iu
605 1645 761 1706 attinente,
776 1651 824 1696 non
841 1650 919 1700 anseri
957 1671 958 1676 ¹

110 1717 302 1783 concupiscentie
319 1716 488 1782 corruptionem
504 1717 542 1767 rel
561 1717 668 1768 diminuit
682 1721 793 1782 quactum
809 1719 839 1770 ad
857 1721 919 1772 radi·
957 1757 958 1760 ,

111 1803 174 1850 cem,
187 1790 227 1840 sed
244 1794 354 1852 quantum
377 1789 406 1838 ad
421 1792 498 1839 actum
513 1788 587 1852 (sicut
607 1792 672 1854 patet
686 1789 755 1840 etiam
768 1791 797 1842 de
813 1789 919 1858 illisqui

111 1863 210 1928 grauiter
226 1859 391 1924 infirmanturi3
401 1874 446 1912 neo
456 1860 540 1912 iterum
553 1861 683 1926 tanquillat
695 1862 810 1926 potentias
820 1865 917 1930 anima,

109 1938 137 1986 ut
146 1947 186 1985 eas
202 1933 282 1998 gratie
295 1932 415 1998 subjiciat,
430 1933 485 1997 quia
497 1931 648 1998 tranquillitas
658 1932 814 1998 potentiarum
825 1940 850 1986 et
861 1939 918 1988 sub-

109 2006 181 2073 jectio
190 2019 268 2058 earum
282 2007 309 2057 ad
323 2005 418 2069 gratiam
432 2008 487 2066 est,
501 2005 590 2069 quando
603 2003 723 2057 inleriores
735 2005 919 2062 riresobediuut

111 2077 280 2143 superioribus,
294 2089 346 2142 que
359 2077 405 2140 legi
420 2075 461 2128 liei
474 2077 673 2141 condelectantur3
688 2077 749 2140 quod
761 2077 786 2127 in
801 2081 865 2130 statu
876 2081 918 2134 illo

112 2165 162 2203 esse
175 2165 222 2202 uou
236 2152 312 2214 potest
325 2149 377 2200 cum
394 2153 458 2200 actus
471 2153 616 2213 utrarumque
629 2149 779 2214 impediatur,
794 2151 841 2202 nisi
852 2157 919 2204 trau-

111 2222 212 2288 quillitas
229 2222 316 2272 dicatur
329 2221 425 2286 privatio
436 2234 520 2285 pugne
533 2236 539 2270 :
550 2220 609 2272 sicut
623 2221 691 2272 etiam
706 2222 731 2271 iu
749 2221 918 2277 dormientibus

111 2295 206 2359 uendit,
214 2298 339 2346 nectamen
349 2299 442 2360 propter
450 2295 495 2345 hoc
504 2307 599 2345 somnus
609 2293 691 2345 dieitur
701 2295 916 2358 concupiscentiam

112 2367 252 2431 diminuere,
263 2370 303 2418 aut
316 2367 376 2418 uires
390 2367 471 2417 anianae
485 2365 645 2430 tranquillare,
658 2369 697 2416 aut
709 2379 748 2418 eas
759 2369 838 2432 gratiae
855 2371 917 2420 sula-

112 2441 176 2490 dere.
189 2439 218 2490 Et
233 2442 359 2504 preterea,
373 2439 424 2490 dato
438 2437 497 2502 qudd
516 2437 722 2502 concupiscentiam
735 2438 865 2492 radicaliter
881 2441 916 2493 di·

113 2510 228 2561 minueret
244 2511 347 2562 delectus
363 2511 416 2573 ille,
427 2513 450 2561 et
460 2509 522 2560 vires
534 2509 617 2560 enimn
624 2509 733 2562 subderet
744 2510 831 2575 gratie,
840 2510 916 2564 adhue

113 2583 159 2632 hoe
171 2594 218 2633 nou
232 2583 347 2633 sufficeret
368 2584 396 2632 ad
415 2580 572 2646 purgationem
586 2582 660 2646 culpe
677 2580 772 2632 venialis
783 2581 834 2648 jam
851 2596 916 2634 com-

113 2651 207 2712 missrc,
222 2653 326 2715 quamvis
339 2653 453 2704 sufficeret
465 2652 494 2701 ad
513 2650 647 2703 vitationem
660 2652 742 2704 lutura
760 2652 834 2716 :quin
847 2654 916 2718 culpa
959 2655 960 2688 ³

114 2721 210 2774 actualis
223 2724 307 2787 tetiam
318 2723 431 2787 venialis)
446 2735 493 2773 uon
503 2721 622 2775 dimittitur
636 2724 687 2775 siue
698 2723 781 2774 actuali
794 2723 916 2776 contritio·

85 2803 87 2815 ’
114 2793 152 2846 nis
164 2796 228 2844 motu
239 2829 246 2855 ,
258 2798 284 2845 ut
304 2795 373 2860 supra
387 2799 443 2861 (qu.
464 2797 497 2858 2,
515 2798 558 2846 art.
574 2802 605 2858 a,
619 2797 649 2847 ad
662 2799 691 2860 t,
705 2799 730 2846 et
741 2797 767 2846 iu
778 2796 824 2846 lll.
840 2801 913 2862 pert,

116 2881 157 2930 qu.
171 2869 216 2930 aa,
230 2868 274 2919 ut.
287 2866 315 2931 l)
331 2867 417 2918 domm
432 2869 486 2932 ent,
497 2871 708 2934 amatoremque
720 2867 867 2925 habitualiter
877 2869 915 2922 in·
