1954 3314
114 90 158 140 tet
242 99 442 145 eursnsnmnon.
460 101 554 143 euersa.
571 97 669 145 lxxxiv,
688 97 744 138 aur.
763 99 782 138 1.

113 179 275 239 substantiam,
290 179 330 228 sed
350 177 470 239 qualitates
483 175 565 226 activas
586 179 612 225 et
627 175 728 238 passivae
747 177 777 226 nb
794 174 920 230 elementis

111 251 254 299 auferentes
263 249 306 300 Sed
315 248 357 298 hoe
372 261 418 296 non
430 247 518 296 videtur
527 259 614 296 rerum.
624 246 682 303 Quia
694 247 819 308 qualitales
831 249 916 298 aelium

108 325 135 381 vet
147 320 242 384 passiva
256 324 311 372 suut
323 320 351 368 de
364 317 505 380 perfectione
514 317 691 379 elementorum
703 319 765 368 unde
778 319 799 368 si
813 320 866 369 sine
882 319 916 370 eis

112 395 269 455 repararentur
282 389 392 440 elementa
408 389 430 436 lo
441 401 535 451 corpore
550 389 706 450 resurgentis,
722 394 803 440 essent
816 389 914 443 minoris

111 461 256 524 perfeetionis
274 459 340 523 qnlm
364 459 430 510 modi>
452 460 508 509 sint.
526 459 553 508 lit
573 464 697 522 preterea,
710 458 764 508 sum
789 461 914 522 qualitates

110 533 154 582 illae
166 533 212 582 sint
226 532 316 594 propria
330 531 454 580 amioemia
473 530 634 581 elementorum
650 543 679 580 ex
692 531 766 580 imma
779 536 804 580 el
816 531 911 582 materia

110 605 210 666 ipsorum
224 607 331 663 mumta,
344 601 432 652 videtur
446 603 510 652 ualde
525 601 644 652 absurdum
658 601 718 664 qnod
734 615 805 652 nausa
818 609 913 653 maneat

109 675 236 726 etelectus
253 675 352 724 tollatur.

141 747 170 795 Et
184 746 235 795 ideo
251 745 288 794 alii
312 746 405 806 linunt,
422 745 481 809 qultrl
499 745 622 795 manebunt
641 744 779 806 qualitates,
794 745 837 796 eod
864 759 910 794 nou

109 816 223 866 lralrebunt
237 817 339 880 proprias
352 817 462 874 actiones,
477 815 553 866 divini
566 815 647 866 uirtute
662 815 685 866 id
700 814 798 866 laeieule
811 817 840 866 ud
854 830 910 868 sou·

109 887 259 938 servationem
269 887 363 939 lmmani
375 887 538 950 commissori
550 889 593 938 lroe
603 887 671 936 etiam
681 899 727 939 nou
741 886 909 951 vilerurposse

109 958 246 1016 simeonis
259 959 286 1008 ad
300 959 433 1008 mixtionem
449 957 569 1021 requiritur
581 959 638 1008 notio
654 963 678 1008 et
688 957 766 1022 passio
781 959 908 1010 antivarum

109 1034 132 1080 et
145 1029 286 1093 passivamm
305 1029 456 1093 qualitatum,
470 1035 493 1080 et
507 1030 631 1082 semodium
648 1025 825 1094 praedomluirim
837 1030 907 1080 liuius

110 1102 146 1150 vel
160 1101 267 1161 alterius,
282 1101 352 1152 mixta
370 1101 500 1152 elfieinnluu
520 1101 615 1156 diuersa
632 1101 799 1164 complexionis
819 1117 826 1152 ε
846 1104 906 1166 quod

108 1175 198 1234 oporiet
220 1173 339 1234 pomereio
357 1185 449 1236 oorpore
466 1172 622 1236 resurgentia,
636 1173 689 1236 quia
702 1176 770 1222 ernnl
780 1171 814 1222 ini
828 1187 907 1224 carnea

108 1248 132 1292 el
145 1256 209 1306 ossa,
221 1247 245 1294 et
255 1244 386 1307 hujusmodi
400 1245 494 1306 parles,
508 1243 592 1306 qulbus
609 1242 715 1294 omuibus
732 1255 780 1294 non
795 1245 905 1308 competit

107 1326 151 1362 una
166 1314 302 1378 complexio.
318 1315 347 1364 llt
363 1313 615 1377 praeonominatum
628 1313 904 1377 lrooimpussiliilitasnon

106 1390 185 1444 posset
196 1385 263 1448 poni,
276 1386 317 1435 dos
331 1385 354 1434 io
368 1385 478 1448 eis,qoia
492 1397 536 1433 oon
552 1388 646 1447 poneret
659 1384 758 1446 aliquam
772 1385 903 1450 dispositio-

108 1467 160 1504 nem
174 1456 197 1504 in
213 1455 337 1506 substantia
351 1454 504 1518 impassibili,
521 1455 563 1504 seul
578 1453 649 1505 solnm
665 1454 846 1518 prohibitionem
854 1470 903 1520 pase

108 1526 179 1575 sionis
197 1527 225 1575 ab
243 1526 364 1585 exteriori,
381 1525 468 1576 seilicet
482 1524 558 1575 diriol
571 1525 653 1577 virlute
663 1563 669 1587 ‚
680 1539 731 1588 quae
745 1527 814 1576 otiam
829 1535 903 1592 posset

108 1597 168 1646 idem
182 1599 255 1648 lacere
270 1599 298 1647 de
311 1609 404 1661 corpore
416 1595 514 1646 hominis
523 1597 548 1646 iu
561 1600 622 1646 matu
636 1597 704 1660 liujus
715 1596 777 1648 ritae.

138 1668 168 1717 Et
180 1669 232 1719 ideo
251 1668 289 1718 alii
303 1669 397 1727 dicunt,
413 1668 474 1731 quod
484 1669 507 1716 in
521 1668 573 1731 ipso
586 1681 678 1731 corpore
693 1669 737 1719 erit
753 1670 842 1732 aliquid
853 1686 903 1736 pro·

108 1739 189 1789 lribeus
198 1740 327 1802 passionem
338 1753 456 1801 corporum
468 1739 629 1802 gloriosomrm
640 1739 728 1792 mntem
738 1744 821 1793 natura
832 1742 903 1806 quieti

108 1811 209 1874 eorporis
227 1810 279 1872 (vel
293 1811 393 1860 eoelestis
405 1812 427 1872 l,
442 1826 510 1874 quam
524 1814 614 1874 ponunt
627 1810 704 1862 vernae
721 1810 903 1877 incompositio

107 1895 161 1938 nem
181 1882 276 1930 hornani
291 1883 391 1944 eorporis
409 1883 436 1931 aul
455 1882 622 1932 oonsiliandum
643 1882 756 1932 elementa
770 1883 796 1933 iu
815 1887 903 1936 hermo·

107 1954 167 2004 niam
186 1953 318 2016 quamdam,
331 1965 370 2016 per
383 1966 451 2014 quam
462 1953 552 2018 possint
564 1967 614 2004 esse
627 1954 702 2004 debita
712 1955 811 2006 materia
821 1958 902 2008 anima

106 2023 230 2075 rationalis.
247 2023 292 2072 Sed
306 2029 381 2072 nmen
395 2023 420 2072 iu
434 2027 494 2074 elatu
516 2025 585 2088 liujus
603 2024 657 2075 ritu
670 2029 762 2088 propter
776 2026 901 2078 dominium

107 2095 250 2147 elementaris
259 2097 358 2156 natura,
368 2107 451 2158 eorpus
462 2097 584 2146 humanum
596 2095 680 2158 patitur
691 2098 720 2148 ad
729 2096 901 2150 similitudinem

106 2166 201 2218 aliorum
211 2167 376 2218 elementorum
384 2181 391 2226 ;
399 2167 439 2216 sed
449 2166 473 2216 iu
484 2166 649 2218 renumeratione
660 2167 812 2220 dominabitur
822 2175 901 2220 natura

105 2239 180 2301 quinti
192 2238 295 2301 eorporis
309 2238 317 2301 (
329 2237 364 2287 rel
379 2238 478 2289 ooeleelis
486 2240 507 2302 l,
519 2243 543 2288 et
558 2238 609 2288 ideo
621 2250 702 2302 nomos
713 2241 840 2290 hmuauum
853 2242 900 2292 rel-

105 2312 170 2360 ‹letur
180 2309 320 2373 impossibiie
337 2311 364 2359 ad
378 2310 551 2363 similitudinem
565 2309 665 2373 mrporis
677 2309 785 2361 ooeleslis.
800 2312 847 2362 Sed
860 2313 899 2362 hoc

105 2392 151 2429 non
173 2384 248 2444 potest
271 2383 330 2430 stare
348 2395 353 2427 z
373 2383 426 2442 qnia
440 2392 524 2442 eorpus
540 2379 645 2442 quiumm
661 2380 715 2444 (rel
728 2381 841 2446 celeste)
856 2395 897 2432 uoo

105 2451 167 2500 venit
183 2449 327 2500 materialiter
344 2451 371 2501 ad
385 2449 575 2514 compositionem
587 2451 687 2515 corporis
706 2452 809 2512 humaui,
825 2457 849 2504 ul
862 2455 896 2518 (in

104 2522 124 2570 ll
138 2522 178 2572 lib.
193 2525 272 2577 Sem„
288 2522 342 2574 diet.
355 2538 395 2587 qn.
410 2527 497 2585 Ma,
509 2526 552 2573 art.
568 2522 598 2585 l)
610 2527 727 2574 oelemum
739 2527 785 2573 est.
801 2525 831 2574 Et
845 2540 897 2589 prai-

105 2595 183 2655 lerea,
201 2593 342 2657 impossibile
361 2597 397 2650 est
410 2593 485 2644 (licere
506 2594 567 2658 qnod
588 2592 664 2656 aliqua
684 2593 755 2644 rirtm
776 2595 895 2652 inmutatis,

103 2664 177 2725 qualis
185 2669 220 2716 est
230 2663 301 2716 virtus
310 2666 413 2729 corporis
422 2663 537 2725 caelestis,
550 2663 669 2714 tmusterat
679 2677 763 2728 corpus
775 2666 896 2716 humanum

104 2735 132 2783 aul
147 2737 308 2799 proprietatem
319 2737 410 2800 gloriae,
425 2737 499 2799 qualis
511 2737 548 2788 est
561 2733 732 2799 impassibilitas
741 2737 844 2800 corporis
854 2736 896 2799 glo

104 2805 175 2868 riosi,
191 2807 242 2858 elim
257 2807 437 2860 immutationem
459 2806 560 2869 eorporis
581 2805 675 2856 lrumani
700 2807 822 2868 spostolus
837 2806 895 2858 altri·
954 2843 955 2848 κ
