1954 3314
110 99 155 146 tes
247 107 444 156 surrisuuuruu,
463 109 555 152 oumsr.
572 107 662 157 uxxxv,
678 109 735 146 aar.
754 109 771 144 r.

109 199 176 246 vam,
191 183 243 247 qaia
257 182 368 247 pertingit
386 194 458 244 usque
479 181 506 232 ad
520 181 600 231 intima
622 181 672 244 rei;
687 180 721 232 ita
735 183 807 234 etiam
827 184 918 238 dieitur

108 256 190 320 aliquis
205 255 333 305 intellectus
346 251 458 314 subtilis,
473 253 526 315 quia
540 251 649 316 pertingit
662 255 691 305 ad
706 253 856 318 inspieieuda
870 255 916 304 iu-

109 329 207 379 triusera
226 326 351 392 principia,
366 329 390 375 et
403 323 553 387 proprietates
573 326 689 376 naturales
701 326 734 376 rei
756 327 867 378 latentes.
884 329 916 376 Et

108 399 212 450 similiter
224 397 307 449 dieitur
319 396 401 460 aliquis
412 397 497 446 babere
515 396 591 446 visum
610 397 732 459 subtilem,
748 397 805 460 quia
822 398 914 462 aliquid

109 467 227 520 minimum
238 471 313 532 potest
326 467 377 516 risu
390 465 520 531 percipere3
530 470 553 516 et
565 467 670 518 similiter
682 468 709 517 de
723 465 776 517 aliis
787 468 910 520 sensibus.

108 542 137 592 Et
148 539 271 591 secunlum
286 541 329 590 lroo
342 536 427 588 diversi
440 537 589 589 diversimode
605 539 754 592 subtilitatem
773 539 914 603 corporibus

109 611 214 676 gloriosis
225 609 382 661 attribuerunt.
398 609 492 669 Quidam
508 608 570 659 euim
591 609 707 672 heremi,
723 614 749 660 ut
765 611 913 674 Augustinus

108 686 199 742 narrat,
216 681 371 732 attribuerunt
382 680 415 732 eis
436 679 582 732 subtilitatem
603 681 728 732 seeundum
750 683 916 746 modumque

109 751 237 814 spirituales
253 751 628 816 substantiesubtilesdieuutur3
644 751 746 804 dieentes
762 753 824 816 quoa
840 753 913 806 iure-

109 823 248 876 sarreerioue
265 837 347 886 eorpus
357 823 493 874 verteturiu
507 823 628 888 spirltum;
641 828 664 874 et
675 824 765 876 ratione
779 825 854 888 hujus
863 839 913 876 ror·

110 909 165 960 pora
182 894 350 956 resurgentium
364 894 484 958 Apostolus
505 895 659 958 spiritualia
676 893 796 954 nominat,
811 897 821 946 l
837 896 913 954 Gom,

109 968 158 1019 llll.
175 966 220 1017 Sed
235 966 278 1015 boo
294 978 340 1016 uon
354 969 430 1030 potest
443 970 502 1016 stare
516 964 619 1030 :primb‚
629 965 683 1029 quia
693 982 707 1012 a
716 979 802 1030 eorpus
822 966 848 1017 iu
857 967 912 1030 spi-

110 1039 178 1104 ritum
191 1037 287 1088 transire
298 1050 344 1088 uon
352 1041 437 1101 potest,
445 1035 496 1086 ebro
505 1050 552 1088 uon
563 1037 733 1092 communicent
742 1036 767 1086 in
778 1037 888 1098 maurim
898 1055 913 1084 s

109 1108 249 1173 quodetiam
263 1109 355 1166 Boetius
367 1109 468 1160 ostendit
484 1107 508 1158 iu
520 1107 562 1158 lib.
578 1107 615 1158 De
637 1105 737 1158 duobus
755 1111 861 1159 naturis
874 1112 914 1170 (et

111 1195 156 1232 uua
172 1193 270 1245 persona
283 1179 393 1244 Clrristi);
408 1180 524 1239 seeundo,
537 1179 592 1243 qula
606 1179 625 1229 si
645 1181 690 1230 boe
708 1185 769 1230 esset
781 1180 912 1244 possibile,

111 1266 205 1318 corpore
219 1253 244 1303 irr
259 1251 364 1324 spirltum
384 1246 511 1311 converso,
525 1264 571 1302 uon
582 1256 711 1314 resurgeret
725 1253 814 1316 bomo,
829 1252 872 1315 qul
884 1266 914 1302 ex

111 1325 187 1373 anima
201 1328 225 1374 et
237 1335 331 1387 corpore
344 1323 476 1376 naturaliter
492 1326 598 1386 eoustat3
615 1323 698 1383 tertio,
709 1321 763 1386 quia
776 1323 796 1373 si
811 1324 913 1388 uposto

112 1395 148 1445 lus
162 1396 196 1446 sic
208 1395 359 1459 intelligeret,
374 1394 433 1445 siout
446 1393 548 1445 nominat
560 1407 665 1456 corpora
678 1394 851 1458 spiritantia,
866 1395 914 1459 pari

111 1467 198 1518 ratione
213 1466 341 1520 nominaret
357 1481 463 1530 corporo
481 1465 681 1530 estimationem
699 1465 724 1516 iu
738 1466 838 1516 animaru
860 1471 914 1516 suut

113 1551 233 1601 couversa3
247 1538 307 1603 quod
321 1541 383 1602 patet
397 1549 447 1586 esse
465 1537 557 1588 falsum.
569 1537 633 1587 Unde
644 1537 735 1601 quidam
748 1538 855 1588 baeretici
875 1538 914 1588 di-

112 1613 196 1660 xeruut
213 1609 273 1676 qubrl
289 1623 370 1674 eorpus
389 1607 415 1658 in
430 1608 594 1660 resurreetione
607 1608 752 1670 remanebit,
764 1609 806 1660 sed
821 1609 915 1660 babebit

98 1685 103 1733 J
112 1680 257 1732 subtilitatem
271 1681 394 1734 secuudum
408 1682 501 1732 modum
510 1678 682 1743 rarelaetioais3
694 1679 727 1730 ita
743 1679 805 1742 qubrl
818 1693 914 1744 corpora

113 1755 212 1804 bumana
225 1754 248 1804 iu
262 1753 428 1804 resurreetione
442 1756 510 1804 erunt
518 1751 567 1802 aeri
579 1752 617 1801 rel
628 1754 701 1803 vento
711 1751 796 1801 similia
803 1788 811 1814 ,
825 1756 850 1802 ut
861 1753 914 1802 Gre-

114 1824 190 1886 gorius
201 1829 277 1874 uarrat
288 1826 312 1874 iu
326 1825 374 1875 lllv
388 1824 428 1874 lib.
442 1821 534 1874 Morol.
550 1823 602 1886 (ubi
618 1835 686 1886 supra
697 1825 717 1883 ).
728 1823 774 1872 Sed
785 1824 832 1872 boe
845 1821 914 1873 etiam

114 1908 161 1946 uou
174 1898 251 1958 potest
271 1894 412 1954 stramonia
432 1894 540 1946 bomiuus
559 1897 610 1958 post
623 1894 816 1946 resurrectionem
832 1905 915 1958 eorpus

114 1964 193 2016 habuit
204 1965 315 2029 palpabile
325 1967 333 2027 (
342 1969 368 2015 ut
378 1969 442 2029 patet
458 1966 529 2026 Luc„
546 1963 613 2028 ult-lg
626 1966 686 2028 quod
698 1961 817 2030 precipue
830 1965 913 2016 subtile

115 2037 250 2088 eredendum
269 2039 312 2088 est.
328 2037 356 2086 Et
368 2039 490 2100 preterea,
505 2051 587 2101 eorpus
599 2038 723 2086 humanum
737 2049 791 2088 cum
809 2035 914 2086 earuibus

116 2111 140 2158 et
153 2107 242 2158 ossibus
255 2110 375 2170 resurget,
391 2107 450 2159 sicut
462 2111 485 2159 et
495 2121 576 2172 eorpus
590 2106 695 2170 bomiui3
708 2111 734 2156 ut
744 2106 829 2157 dicitur
844 2108 911 2159 Luc..

116 2178 157 2228 ult.
174 2194 179 2227 ε
197 2197 210 2228 a
227 2177 325 2242 Spiritus
337 2191 428 2228 caruem
446 2183 469 2230 et
484 2192 535 2231 ossa
548 2193 594 2230 uon
608 2178 691 2242 babet,
705 2179 764 2230 siout
779 2191 817 2228 me
831 2177 913 2228 ridetis

116 2249 213 2312 babere„
223 2268 237 2298 u
249 2254 273 2300 et
279 2249 338 2308 lob,
350 2246 416 2310 xtlt,
428 2251 510 2302 dieitur
523 2266 528 2300 ι
545 2268 559 2298 a
568 2251 594 2300 lu
603 2263 671 2300 earne
687 2262 737 2299 mea
749 2247 834 2300 ridebo
846 2249 912 2300 [teau

116 2321 251 2372 salvatorem
264 2334 349 2371 meam.
368 2339 382 2368 u
397 2321 483 2373 Natura
502 2325 579 2372 auum
596 2321 670 2372 caruis
684 2325 707 2372 et
728 2320 785 2371 ossis
799 2319 912 2370 raritatem

116 2393 245 2456 predictam
255 2390 407 2456 uou'patitur.

147 2465 175 2513 st
188 2464 240 2515 ideo
262 2469 298 2516 est
315 2464 465 2530 assignandas
482 2465 613 2550 eprporibus
632 2463 736 2528 gloriosis
756 2463 818 2514 alius
837 2463 912 2514 modus

118 2637 295 2694 reseratisque
307 2637 413 2696 spiritum
425 2637 663 2694 sapientiaeiusiguire
674 2637 782 2681 dicuutur
794 2637 910 2690 attributa,

116 2699 215 2744 subtilia
232 2701 268 2745 bis
288 2701 382 2755 dieitur,
400 2701 422 2745 itl
435 2707 484 2754 est,
504 2706 530 2745 ut
547 2701 651 2756 Lyrauus
666 2699 769 2756 explieat
782 2699 833 2756 ibi,
846 2709 912 2756 perro·

117 2767 185 2806 trous
201 2765 284 2807 emmiu
296 2767 343 2808 rou
352 2765 455 2813 uirtute,
465 2775 492 2808 ur
504 2763 634 2821 proporaria
645 2763 718 2808 etiam
733 2759 778 2805 Dei
791 2765 911 2807 serre-loru!

117 2833 146 2866 ex
162 2825 171 2868 l
187 2824 254 2879 Com,
268 2827 303 2885 ll,
321 2831 367 2870 ele.
