1932 3330
246 180 276 218 un
292 177 432 218 surnnmrs
448 177 606 218 uouroosurr.
779 168 824 217 ata

34 256 79 308 rite
93 255 236 322 spiritualis,
250 269 302 320 qua
317 259 352 310 est
365 269 406 322 per
418 255 552 308 ohanutem
566 255 595 308 ad
607 233 695 319 noun,
713 255 751 306 cui
765 268 825 308 mor-

34 330 113 379 tuorum
127 326 224 393 spiritus
234 328 326 379 uiuunt.

226 567 238 592 ο
314 506 475 559 tunicatus
490 507 529 558 111.

71 633 157 680 tlte-tem
172 633 289 692 eupropio
296 643 341 692 per
348 634 480 690 peccatores
489 633 559 688 sonte
569 632 670 678 mortuis
679 633 779 692 pretim.

57 760 88 811 td
101 759 197 812 tertium
214 759 248 810 siu
261 757 398 824 proceditur.
414 757 508 809 Videtur
523 757 584 824 quod
599 759 706 824 suffragia
722 774 763 826 per
771 774 824 826 pen-

31 837 110 884 outores
119 833 191 894 iacta,
200 832 296 882 mortuis
306 843 352 882 non
361 830 458 894 prosint.
470 829 536 892 Quia,
545 834 571 880 ut
580 830 663 882 dicitur
675 832 758 888 loun..
769 833 801 883 ix
813 849 821 884 ε

33 907 187 955 «Peccatores
200 903 260 954 Deus
273 915 319 954 nou
338 903 436 952 audit.»
451 902 495 954 Sed
512 901 532 952 si
548 901 663 954 orationes
678 917 756 954 eorum
767 917 824 968 pro-

30 977 115 1028 dessent
124 975 173 1028 ittis
186 973 316 1040 proquihus
329 972 428 1035 orunt,a
438 975 485 1026 Deo
495 973 665 1026 exaudirentur.
673 975 731 1039 Ergo
744 976 824 1026 suifra-

30 1048 60 1112 pia
75 1061 117 1112 per
131 1061 175 1100 eos
190 1047 268 1110 fanu,
283 1046 377 1098 mortuis
391 1057 441 1110 non
454 1049 556 1108 prosunt.

54 1124 77 1171 Ξ.
91 1121 224 1180 Praeterea,
240 1117 360 1181 Gregorius
374 1118 398 1168 iu
415 1117 549 1168 Paetoruli
564 1117 694 1182 dicitquod
708 1135 722 1168 a
734 1119 785 1170 auur
802 1119 823 1172 is

29 1193 62 1256 qui
75 1192 202 1256 displicet,
215 1190 244 1240 ad
254 1187 442 1252 interpellandum
456 1188 562 1249 mittitur,
573 1189 625 1240 insti
635 1190 724 1241 animus
738 1194 764 1245 at
778 1194 822 1244 de-

29 1262 105 1314 teriora
118 1263 290 1327 prouoeatur.»
302 1260 346 1312 Sed
357 1259 453 1324 quilibet
465 1262 571 1324 peccator
581 1262 627 1312 Deo
638 1260 751 1326 dispioet.
763 1263 823 1327 Ergo

29 1348 62 1398 per
73 1339 222 1400 peccatorum
236 1332 343 1398 suffragia
356 1334 416 1386 Deus
427 1335 455 1385 ad
465 1334 644 1387 misericordium
657 1348 703 1387 uon
715 1335 821 1400 flectitur
851 1353 853 1358 ·

29 1410 47 1456 et
61 1407 112 1458 ideo
124 1405 183 1456 talia
197 1404 303 1466 suffragia
317 1417 363 1456 uon
375 1409 478 1469 prosunt.

56 1481 79 1528 3.
94 1480 223 1538 Propterea,
244 1489 301 1541 opus
315 1476 411 1542 alicujus
423 1478 512 1528 uidetur
524 1477 598 1540 magis
612 1491 662 1528 esse
683 1477 823 1529 inactuosum
902 1528 906 1538 ,

29 1549 114 1602 facienti
128 1550 199 1615 quntum
218 1548 283 1600 alteri
290 1583 299 1611 ,
311 1549 351 1600 sed
364 1553 471 1614 pensator
483 1563 524 1614 per
537 1562 607 1614 opera
620 1561 661 1602 sua
676 1549 734 1600 nihil
749 1562 823 1602 nuere-

29 1627 60 1674 tur
72 1623 124 1676 sibi.
139 1625 201 1687 Ergo
216 1621 292 1674 multu
304 1620 467 1686 minuspotest
480 1621 544 1674 atteri
558 1621 647 1672 mereri.

56 1699 78 1747 t.
92 1697 224 1758 Preterea,
239 1706 306 1744 omno
321 1705 380 1757 opus
393 1693 532 1744 musionium
549 1696 638 1758 oportet
651 1706 702 1746 esse
716 1695 823 1746 vivifiea-

29 1771 87 1832 tun,
98 1767 123 1818 id
142 1771 180 1818 est
193 1765 303 1816 charitato
315 1764 470 1816 informatum.
487 1764 532 1818 Sed
548 1777 617 1829 opera
632 1779 675 1830 pur
692 1771 822 1831 pensatores

30 1839 97 1901 tacu,
109 1843 167 1892 sunt
181 1841 277 1889 mortua.
293 1838 351 1902 tingo
371 1850 418 1890 non
439 1840 536 1904 possunt
551 1850 592 1902 per
605 1851 633 1890 eu
654 1839 737 1892 mortui
747 1839 824 1905 juvari

30 1927 65 1976 pro
78 1912 161 1977 qubus
175 1911 242 1961 fiunt.
670 1910 675 1922 “

56 1984 97 2034 Sei
111 1980 409 2045 animaequiorem
423 1983 500 2046 potest
510 1980 567 2033 sciro
579 1980 607 2033 ds
616 1983 686 2034 altero
696 1994 738 2046 pro
751 1986 822 2044 oeno,

29 2056 98 2106 utrium
110 2057 141 2107 sit
157 2055 184 2106 in
195 2056 255 2106 statu
264 2055 335 2119 culpa
349 2053 384 2103 uel
394 2053 479 2117 gratia.
490 2054 516 2104 Si
525 2065 579 2118 ergo
593 2053 683 2106 tanturn
694 2055 733 2104 iliu
743 2056 823 2106 suffra-

30 2127 62 2189 gia
79 2129 231 2192 prodessent,
246 2139 296 2190 qua
317 2125 375 2176 tiunt
391 2139 433 2190 per
449 2126 541 2190 eosqui
562 2130 615 2176 sunt
635 2126 659 2176 in
673 2126 761 2190 gratia,
777 2138 823 2178 non

30 2204 102 2261 posset
112 2201 183 2250 homo
194 2197 252 2248 scire
265 2211 306 2261 per
318 2210 375 2261 quos
387 2197 492 2260 sutfragia
505 2197 650 2261 conquireret
663 2197 710 2248 suis
724 2198 823 2248 deiunc-

30 2269 101 2327 tis;et
111 2270 145 2320 ita
158 2268 225 2320 multi
236 2268 369 2333 isutiragiis
382 2269 528 2332 procurandis
540 2270 719 2322 retraherentur.

56 2342 169 2394 Praeterea
179 2379 187 2404 ,
197 2341 255 2392 siout
269 2339 408 2404 Augustinus
427 2341 482 2392 dicit
495 2339 620 2398 iulittae,
637 2338 764 2390 seeundum
779 2340 824 2392 hoo

29 2416 115 2471 juvatur
132 2412 216 2477 aliquis
238 2415 339 2462 mortuus
358 2423 388 2462 ex
403 2411 536 2475 suffragiis,
550 2410 674 2462 manualium
691 2409 751 2474 quod
769 2411 823 2462 dum

31 2484 113 2536 uiueret
126 2484 210 2534 meruit
223 2485 249 2534 ut
261 2484 379 2548 juraretur
394 2486 447 2548 post
465 2487 568 2534 nnortenu.
584 2483 643 2546 Ergo
660 2482 725 2532 ualon
743 2484 823 2535 sotira·

31 2555 112 2619 giorum
125 2556 404 2614 mensuraturfsecuuduuu
417 2555 570 2606 uenditionem
581 2553 631 2618 ejus
643 2565 685 2619 pro
698 2567 743 2618 quo
755 2553 822 2619 finnt3

32 2640 74 2678 non
90 2639 145 2692 ergo
160 2626 236 2678 differt
251 2627 296 2692 (nt
305 2625 410 2692 uidetur)
422 2626 498 2678 utrium
512 2639 551 2690 per
562 2626 634 2678 bonos
646 2626 683 2678 uel
696 2639 737 2691 per
750 2627 823 2680 malos

31 2698 90 2750 iant.
840 2739 842 2746 s

62 2772 258 2834 (corennum.-
268 2771 377 2835 Suffragia
393 2771 538 2836 apecaaun
555 2771 632 2834 iana,
645 2785 674 2824 ex
689 2785 758 2837 opere
775 2773 823 2836 qui-

32 2843 78 2894 den
93 2849 185 2909 operato
204 2857 293 2910 sempor
310 2848 418 2909 prosunt,
432 2857 461 2896 ex
477 2843 617 2909 operarent
633 2847 774 2911 operantis,
781 2844 825 2896 etsi

32 2927 76 2968 uon
90 2917 177 2982 prount
192 2921 306 2986 paunus
319 2914 460 2982 apencuue
470 2915 648 2984 tiunt,prosunt
657 2921 733 2972 tannen
744 2920 824 2986 quate
