1966 3304
122 137 169 186 m
263 143 468 194 sorrentum,
485 142 578 190 ennon·
595 145 666 198 trux,
682 146 738 188 bur.
755 149 782 187 rr.

123 223 149 278 iu
167 220 292 288 Scnptuns
304 221 364 272 licus
378 219 461 271 dieitur
472 233 523 271 esse
535 221 586 284 sol,
603 221 658 286 quia
673 225 708 276 est
725 224 862 292 principium
872 228 927 282 rite
969 219 970 222 ’

122 293 265 361 spiritualis,
277 292 339 343 siout
352 292 386 344 sol
399 291 453 344 vite
470 293 609 357 corporalis:
624 296 648 344 et
658 296 784 348 aecmdum
793 299 924 352 bouccou·
969 311 970 316 ’

122 365 278 425 senientiam,
290 364 394 428 quedam
403 363 486 414 anime
500 377 552 414 curn
563 365 698 430 quibusdum
712 367 769 420 locis
780 371 854 434 magis
872 385 927 424 corr·

121 437 235 499 renium,
249 434 309 486 sicu
321 435 404 488 anime
418 435 565 500 spiritualiter
578 435 712 490 illuminator
725 455 777 492 curn
792 443 927 506 corporibus
969 455 970 480 ³

124 508 260 572 luminosis;
278 507 366 562 enine*
376 508 431 560 verb
451 509 605 564 obtenebrato
618 523 660 575 per
680 512 787 578 culpem,
802 528 856 566 curu
869 517 928 569 nois

123 579 263 634 tenebrosis.

154 653 188 702 Ad
206 651 299 703 tertium
318 649 453 714 dicendum,
467 650 529 716 quod
549 652 625 704 anima
640 654 848 718 seponto-directe
867 660 929 710 nihil

120 723 202 788 recipit
214 723 227 774 'u
240 723 297 774 locis
310 723 463 788 corporalibus
474 737 515 789 per
525 726 618 795 modum
632 739 677 790 quo
690 739 784 790 corpora
797 729 928 794 recipiunt,

124 809 175 860 quae
189 798 352 846 conservantur
369 793 441 864 *esuis
459 796 528 860 locis;
544 797 585 847 sod
600 797 658 862 ipsu
670 799 752 850 anime
764 811 794 850 er
806 802 852 852 boe
863 803 928 868 qnod

119 871 261 932 cognoscunt
272 881 297 920 se
305 866 390 918 talibus
398 866 456 919 locis
463 868 579 933 deputari,
589 868 633 920 sibi
647 870 753 933 podium
764 872 876 936 ingerunt
888 876 925 928 rel

119 954 255 1006 mutuom
269 945 293 993 el
306 941 340 995 sic
351 941 417 993 locus
430 941 492 994 cedit
503 941 528 992 in
545 956 635 1007 pecuum
646 943 684 996 rel
697 944 827 1008 premium.

423 1121 582 1174 lupetius
594 1123 625 1175 ll.

123 1253 211 1298 Utrtrm
219 1252 302 1298 rtatim
314 1255 367 1309 port
380 1253 577 1370 mgnufice
589 1251 740 1300 &ducantur
753 1255 785 1298 od
793 1255 881 1302 curtum
891 1260 931 1304 uel

476 1327 503 1360 err
515 1327 607 1362 mum.

151 1447 186 1498 bd
199 1445 324 1498 secundum
339 1445 373 1497 sic
382 1443 518 1510 proceditur.
529 1445 625 1498 Videtur
634 1445 696 1510 quod
708 1447 784 1498 stetim
795 1452 849 1511 post
860 1463 925 1500 uror-

118 1523 164 1570 tenr
181 1519 250 1570 nullu
261 1519 343 1568 cuturn
356 1519 496 1569 inuruntur
509 1518 540 1570 ad
550 1518 633 1578 coelum
641 1519 678 1571 rel
686 1519 715 1570 ut
724 1519 850 1573 internum,
863 1521 926 1580 Quia

118 1603 187 1656 super
196 1590 252 1640 illud
264 1591 305 1640 Pr.
318 1589 426 1642 xxxvl:
443 1605 457 1636 u
467 1589 546 1640 bdbue
558 1589 676 1654 pusillum,
687 1593 710 1642 et
723 1604 770 1642 non
780 1592 824 1643 erit
837 1605 927 1656 percu

118 1667 167 1724 tor,
179 1678 194 1712 n
208 1661 266 1712 dicit
280 1661 360 1712 Glosso
371 1659 432 1724 quod
448 1677 462 1708 «
471 1660 546 1712 sancii
558 1659 682 1713 liberantur
693 1661 718 1712 in
730 1663 776 1714 tius
786 1661 857 1726 ritrr;
871 1671 928 1730 post

96 1756 98 1760 ·
117 1735 187 1786 istem
207 1737 287 1787 iernen
305 1735 376 1784 ritum
395 1735 497 1785 nondum
513 1739 581 1786 eruut
594 1733 633 1790 ubi
653 1739 720 1787 erunt
736 1735 824 1798 uncti,
839 1735 929 1799 quibus

118 1804 217 1854 dicitur:
233 1803 314 1854 Venite
324 1804 440 1856 benedicti
452 1803 527 1856 Putris
540 1805 594 1856 mei.
605 1821 619 1854 n
629 1806 674 1857 Sed
685 1805 721 1856 illi
731 1805 804 1857 serrcb
818 1810 887 1858 crunt
903 1809 929 1858 in

119 1875 185 1926 cero.
204 1875 264 1938 Ergo
279 1877 351 1926 sancii
372 1881 424 1941 post
437 1879 498 1928 berc
515 1877 587 1927 ritum
601 1891 647 1930 non
661 1877 737 1929 stetim
751 1878 882 1930 ascendunt
898 1883 929 1932 acl

119 1947 213 1998 coelunr.

151 2023 175 2070 2.
191 2019 323 2079 Proleroe,
337 2018 477 2080 Augustinus
493 2019 550 2070 dicit
562 2019 587 2070 in
599 2019 733 2072 Eocbiru'cl.
750 2022 821 2086 (cup.
840 2025 889 2072 1⁰9
904 2023 926 2087 )‚

119 2091 181 2156 quod
193 2107 208 2150 u
220 2093 309 2155 tempus
322 2089 383 2140 inter
397 2089 498 2142 hominis
510 2095 606 2142 mortem
619 2095 644 2142 et
658 2092 760 2146 ultimum
768 2093 927 2144 resurrectio-

119 2177 173 2215 nem
190 2162 351 2228 interpositum
363 2160 452 2214 enimus
465 2163 547 2214 obditis
559 2163 708 2228 receptaculis
729 2164 845 2230 continet,
864 2165 927 2215 sicut

119 2247 261 2301 unaqueque
274 2235 344 2300 digua
353 2238 389 2287 cst
400 2235 479 2300 requie
488 2236 524 2288 rel
535 2235 645 2288 eruunt.
655 2253 669 2284 o
683 2237 728 2288 Sed
740 2237 790 2286 brec
799 2232 874 2286 obdito
886 2250 925 2286 re-

120 2308 238 2372 cepucula
252 2321 300 2359 uon
314 2312 411 2372 possunt
428 2307 525 2371 intelligi
536 2307 627 2358 coelum
640 2309 664 2358 ot
682 2309 809 2372 infernus,
826 2307 882 2370 quia
902 2308 928 2358 in

12 2425 13 2428 ,
115 2379 178 2443 villis,
188 2380 260 2434 ¹elioru
272 2384 326 2445 post
342 2380 532 2432 resurrectionem
544 2380 649 2430 ultimam
655 2417 665 2444 ,
680 2379 763 2430 enimse
776 2391 828 2428 cum
842 2392 926 2444 corpo-

120 2451 183 2502 ribus
195 2457 277 2515 erunt;
292 2453 353 2504 unde
368 2467 410 2518 pro
424 2451 497 2503 nibilo
510 2451 661 2514 distingueret
674 2468 688 2500 u
704 2455 796 2514 tempus
814 2452 868 2500 nuto
886 2464 927 2502 rc·

121 2524 285 2576 surrectionem
301 2528 385 2589 etpost
397 2523 596 2575 resurrectionem.
607 2540 620 2570 r
633 2523 693 2586 Ergo
704 2533 751 2573 non
760 2524 828 2574 nunt
842 2535 885 2573 nec
899 2523 925 2572 iu

121 2593 212 2645 interno
228 2607 271 2644 nec
289 2595 314 2646 in
326 2594 431 2660 peralbo
445 2608 517 2659 usque
531 2594 560 2644 nd
575 2593 636 2645 diem
648 2593 737 2659 judicii.

153 2669 178 2714 3.
193 2667 322 2729 Praetcreo,
336 2669 410 2730 major
424 2671 460 2718 est
470 2667 540 2730 glorio
553 2665 636 2718 unimae
653 2666 721 2731 qutun
735 2679 866 2732 corporum.
881 2667 927 2718 Sed

121 2735 189 2788 simul
202 2736 308 2788 omnibus
317 2739 419 2792 redditur
432 2733 508 2803 gloriu'
518 2751 654 2801 corporum,
670 2741 696 2788 ut
709 2737 740 2788 sit
756 2739 829 2802 major
845 2739 926 2790 iutilia

120 2807 261 2870 singulorum
277 2821 304 2860 er
316 2809 431 2862 conmuni
446 2809 542 2872 gordio,
560 2813 586 2860 ut
602 2813 664 2874 pretet
675 2823 716 2874 per
727 2811 842 2877 becquet
856 2823 926 2875 super

119 2881 177 2932 illiti
189 2880 226 2931 ad
239 2880 325 2940 Hebe„
344 2883 374 2937 xl
391 2898 396 2934 :
414 2900 428 2932 c
447 2884 492 2936 beo
506 2896 549 2947 pro
567 2882 633 2937 nobis
646 2882 729 2934 melius
747 2882 835 2948 aliquid
848 2882 927 2949 provi·
