1976 3306
152 174 198 222 '718
275 177 477 233 suessoniensis,
494 179 589 229 puisse.
603 179 683 231 xcvii,
699 181 753 220 sss.
772 182 816 222 vir.

149 259 201 322 ieri,
213 256 281 324 quin
293 257 403 310 rationem
415 257 507 309 reddere
521 269 560 308 ons
573 257 615 308 suh
629 256 695 308 terris
709 269 760 308 esse
774 257 881 310 dicuntur
891 260 936 312 sive

150 331 278 382 credantur.
289 346 302 378 n
313 329 407 390 Quidam
420 332 496 381 tomen
516 327 648 392 Philosophi
663 331 790 392 posuerunt
802 330 868 392 qnod
880 330 936 382 inens

149 401 233 453 inferni
245 400 348 452 ersisub
356 397 538 463 orbe-terrestri,
549 401 626 450 iumen
635 409 704 462 supro
715 400 784 449 terre
797 401 936 465 superficiem

145 487 178 524 ex
194 475 257 538 puris
266 471 331 524 nobis
344 468 455 536 oppositi.
469 469 548 522 Eidoo
556 467 644 522 ridetur
654 468 752 522 Isidorus
760 469 864 524 sensisse
875 473 936 538 (opud

148 546 250 598 Glosssm
262 545 287 594 in
300 543 383 600 isoio,
396 541 444 603 LX,
459 541 511 592 uun
526 538 651 606 dicitquod
666 555 683 588 n
693 538 768 592 Solet
786 541 854 592 Luna
870 544 894 593 in
903 559 938 594 or-

148 613 201 666 dine
216 627 260 680 qno
276 611 345 666 orosii
363 614 431 674 suni,
444 612 552 673 sindoni,
570 622 599 662 ne
614 610 678 676 impii
692 609 717 659 in
732 613 859 664 tormentis
876 615 937 679 posui

134 687 394 808 4noninr1nuseorurn.
411 699 425 730 »
441 684 495 743 Quae
505 683 563 732 rsiio
574 681 636 731 nullo
647 683 720 744 ossei,
734 680 753 732 si
764 681 875 735 infernus
884 685 936 734 inirr

69 681 106 826 is

159 769 229 808 ernam
238 767 287 808 esse
300 753 395 805 dioninr.
404 754 503 813 Qualiter
513 756 591 803 inrnen
602 753 652 803 huo
662 751 731 804 uerba
744 753 839 815 possint
849 757 936 820 exponi,

146 828 220 892 potnit
244 837 319 890 supro.
347 825 485 890 ffiihagorss
506 823 560 874 voro
583 822 660 888 posuis
677 823 751 874 lounm
772 835 896 886 poenarnns
917 829 937 876 in

147 899 235 962 spiere
247 896 305 959 ignis
315 931 322 955 ‚
333 908 400 958 quern
415 895 440 944 in
457 893 530 944 medio
544 893 613 945 todius
629 891 690 943 orbis
707 904 757 944 esse
770 893 833 944 dixit
846 896 856 959 (
867 901 892 948 ei
907 912 938 947 re·

147 967 235 1031 pionem
253 967 315 1017 illem
329 979 452 1015 carcerem
470 964 540 1014 Joois
553 962 688 1028 appellarit)
704 975 729 1012 nu
745 967 810 1027 pauet
823 979 870 1029 per
883 969 938 1016 iris·

147 1037 240 1088 inuelem
252 1035 277 1086 in
291 1034 390 1087 seeundo
405 1034 461 1085 coeli
473 1037 498 1084 ei
510 1034 608 1093 mnndi,
619 1036 676 1084 dexi.
689 1035 726 1082 53.
737 1033 782 1084 Sed
796 1035 879 1087 iernen
889 1051 936 1088 con-

146 1107 274 1159 uenientius
294 1105 331 1156 his
349 1117 400 1170 quo
416 1104 441 1157 in
462 1103 577 1170 scripturn
598 1103 703 1154 diouninr
718 1105 754 1154 esi
772 1105 798 1153 ni
816 1105 863 1156 sub
882 1111 934 1160 terri

146 1189 198 1229 esse
210 1177 304 1228 dicutur.

178 1249 210 1300 id
222 1248 318 1313 prinsnnn
330 1259 384 1312 ergo
404 1245 535 1309 dicendum,
548 1242 608 1309 qndd
620 1243 712 1296 uerbum
725 1244 780 1296 iilud
795 1247 866 1298 dod:
884 1252 936 1300 «de

147 1318 201 1370 orbe
216 1317 335 1369 transisset
351 1330 403 1368 euin
418 1318 486 1379 Deus,
501 1330 515 1364 o
531 1313 700 1380 intelligendum
712 1318 748 1366 esi
764 1315 792 1367 de
803 1319 860 1371 orbe
873 1324 935 1372 iem·

146 1401 212 1452 runi,
224 1388 247 1440 id
259 1393 310 1449 esi,
323 1388 350 1438 de
361 1388 405 1438 hoo
418 1387 509 1438 mundo.
522 1385 551 1436 Ei
565 1386 607 1435 hon
617 1386 683 1437 ruodo
696 1386 790 1449 exponit
807 1388 936 1454 Gregorius,

146 1457 187 1510 dib.
200 1459 260 1510 xii.
277 1457 379 1517 Monoi„
391 1459 420 1507 ii
432 1493 439 1519 ‚
451 1457 550 1508 dicens:
566 1457 620 1506 oiie
638 1455 691 1508 orbe
699 1457 784 1520 qnippe
793 1461 936 1521 transfertur,

146 1525 198 1579 oin
209 1540 304 1594 superno
320 1530 441 1593 opponendo
459 1526 548 1588 iudice,
563 1526 590 1576 de
603 1526 647 1576 hoo
659 1527 742 1577 mundo
752 1525 846 1591 tollitur,
860 1530 937 1595 inquo

146 1600 251 1663 perrersd
268 1598 382 1664 glorietur.
404 1615 418 1646 n
434 1599 480 1649 Neo
499 1600 533 1649 esi
553 1595 721 1661 intelligendum
736 1595 799 1660 quod
812 1599 886 1650 ordis
904 1604 938 1652 dio

146 1671 268 1735 oeoipioinr
280 1681 320 1734 pro
338 1668 463 1732 universo,
477 1666 541 1732 quasi
555 1668 619 1718 exire
629 1669 701 1719 ioiunr
714 1667 848 1720 uniuersum
864 1671 898 1722 sii
908 1675 938 1724 lo

146 1754 186 1793 cus
203 1751 326 1805 purorum.

177 1814 210 1864 dd
231 1810 354 1862 secundum
372 1809 507 1872 direntium,
526 1807 586 1873 qudd
609 1809 633 1860 in
652 1807 702 1860 loco
726 1807 766 1860 illo
790 1815 937 1864 conservator

145 1883 206 1946 ignis
224 1883 248 1932 in
262 1882 371 1932 niernum
384 1892 413 1930 es
426 1879 504 1930 ordine
515 1879 598 1931 diuino
609 1878 719 1943 jnsiiiiae3
736 1879 844 1942 spildmvis
856 1895 936 1934 secun

146 1953 199 2004 dirui
213 1954 314 2002 nuiurnnr
325 1960 387 2000 suern
400 1962 446 2002 non
460 1947 606 2014 possituros
620 1961 687 2000 sunno
700 1949 775 2000 iocum
788 1950 882 2014 aliquod
893 1949 937 2004 eis·

146 2028 248 2075 mentun
266 2024 291 2072 in
303 2023 411 2074 niernum
425 2021 522 2082 durare,
536 2019 648 2086 precipue
665 2022 896 2084 sutuogenersiionis
913 2031 935 2074 ei

146 2091 294 2158 corruptioris
308 2093 414 2141 maronie
427 2090 450 2140 iu
461 2089 538 2142 robus.
551 2090 612 2154 ignis
621 2095 696 2141 nutem
707 2089 740 2141 ibi
752 2091 933 2145 eritioriissr'ma

147 2163 281 2226 caliditatis,
297 2160 350 2228 quio
367 2161 428 2212 color
446 2162 496 2226 ejus
510 2159 552 2212 erit
566 2160 665 2226 undique
682 2166 833 2226 oongnegotus
846 2169 934 2230 propin

146 2234 218 2300 frigus
234 2237 300 2286 terroe
314 2233 389 2298 ipsum
402 2232 502 2296 undique
513 2230 666 2284 circumstans.

177 2306 212 2358 dd
231 2305 324 2356 tertium
342 2302 473 2366 dicendum,
488 2301 548 2368 qudd
564 2299 665 2354 infernos
677 2313 793 2366 nunqnsrn
808 2303 936 2358 deiicieiin

148 2375 295 2441 amplitudine
309 2373 363 2438 quin
376 2371 474 2424 suiioioi
486 2373 514 2424 ud
533 2374 686 2426 damnatorum
704 2382 798 2436 eorpors
811 2377 934 2442 oopiends;

147 2447 249 2498 infernus
267 2445 327 2496 eninr
350 2444 432 2500 Prou,
447 2443 525 2504 XXX,
542 2443 601 2495 inter
614 2443 658 2493 iria
678 2441 813 2494 insatiabilis
834 2449 934 2509 ponitur.

147 2517 194 2568 Neo
207 2519 242 2568 esi
259 2513 424 2566 inconveniens
442 2513 500 2576 qudd
517 2511 576 2564 inire
586 2512 674 2564 viscere
689 2513 754 2562 terreo
770 2516 832 2563 tonis
855 2530 936 2569 conon·

146 2585 208 2638 nitas
224 2587 368 2640 couniretur
383 2582 460 2634 divini
475 2581 558 2634 virtute
566 2618 575 2646 ‚
591 2595 642 2647 que
655 2581 811 2634 demoniorum
833 2588 934 2638 omniun

147 2668 239 2720 corpore
258 2655 327 2720 possit
344 2667 434 2720 nupero.

178 2729 210 2776 sd
223 2731 326 2790 quariunn
336 2725 467 2786 dicendum,
482 2721 541 2790 qndd
561 2724 605 2774 hoo
623 2725 682 2788 quod
692 2720 783 2786 dieitur,
798 2741 814 2773 n
827 2739 872 2790 per
884 2743 933 2792 qun

82 2782 126 2849 s
146 2801 225 2860 posen
238 2795 300 2858 quis,
310 2809 349 2858 per
359 2796 406 2846 ineo
420 2799 443 2845 et
455 2797 578 2858 iorqueinr,
592 2809 606 2842 o
616 2805 661 2844 non
675 2798 710 2846 esi
723 2797 880 2849 necessarium
892 2797 934 2850 nisi

145 2865 170 2917 in
187 2865 348 2928 principalibus
367 2863 522 2916 insiromeniie
538 2863 661 2928 peucendi3
681 2861 734 2928 quia
749 2862 811 2916 enin
825 2865 896 2922 horno
911 2870 935 2922 in
