1980 3320
193 153 227 188 nu
243 151 414 190 immutemus
429 151 576 190 lursmarin
591 153 616 190 nr
632 151 758 192 emmanu.
845 145 876 192 81

68 228 159 291 ter,sesl
176 229 295 290 respectu
307 225 405 290 alicujus
414 239 533 290 persona,
543 227 581 279 rel
590 229 634 280 lucc
647 232 682 280 est
690 233 782 293 propter
789 228 881 294 obim-

66 300 151 351 tionem
161 299 194 349 aul
209 298 308 348 alteram
318 310 446 362 personam,
455 299 516 350 sicut
528 299 568 362 qui
583 299 624 350 uni
631 299 877 365 matrimoniojunctus

67 376 111 433 est,
127 382 180 420 non
193 372 275 432 potest
288 368 355 418 alteri
363 369 485 432 conjungi,
493 374 517 420 et
529 370 563 420 sic
575 370 730 435 esttipumcn
740 373 877 422 matrimo-

65 443 120 499 nii,
137 441 180 492 vel
199 439 256 503 quia
274 437 352 490 deficit
370 439 485 504 proportio
497 441 523 492 aul
539 441 632 492 alteram
646 453 782 506 personam,
795 445 820 494 et
833 444 878 494 hoc

19 567 20 572 ,
62 517 157 578 propter
171 510 329 562 triazl’rimei
346 510 453 573 quidem,
466 515 560 576 propter
580 511 676 563 nimiam
696 513 828 564 distantiam
846 514 878 564 aa

67 584 159 647 ipsam,
176 587 204 633 et
218 582 253 632 sic
274 585 310 632 est
325 581 471 644 disparitas
490 581 584 633 cultos.
599 583 718 644 seruant,
731 588 826 647 propter
839 584 878 636 ni-

68 655 134 706 miam
148 653 365 719 propinquitatem,
383 657 408 704 et
419 653 454 704 sic
466 655 561 716 ponitur
575 655 657 719 triplex
670 654 875 720 impedimentum

63 725 169 789 scilicet,
192 725 417 790 coqnoir'o,·deindc
431 725 563 790 affinitas,
581 739 632 788 que
653 727 761 789 importat
777 727 877 791 propin-

63 798 179 860 quitatem
188 797 285 846 duarnm
295 807 442 858 personarum
450 797 616 847 rationctertiae
627 797 874 862 manumissionem,

62 872 85 918 ct
97 867 213 932 publices
225 866 492 930 honestaitejusiin'o,
503 866 527 916 in
538 879 584 930 qua
598 870 633 916 est
644 866 806 930 propinquitas
819 869 877 920 ‹lna-

62 953 112 990 rnrn
125 928 293 1004 personarum,
304 936 391 987 mtienc
405 938 477 988 tertia
490 950 532 1001 per
543 937 658 1004 sponsalia
673 937 773 1001 iuncta.
787 938 874 1003 Tertio,

63 1016 157 1075 propter
174 1008 304 1059 indebitam
320 1008 502 1071 conjunctionem
519 1009 548 1058 ad
563 1009 636 1072 ipsam
653 1008 727 1073 primo
738 1007 838 1073 iactam,
850 1015 875 1061 et

61 1081 95 1132 uic
107 1079 213 1146 impertit
230 1079 326 1128 crimen
338 1075 466 1130 adulterii
479 1077 544 1142 priius
558 1092 611 1130 cum
624 1079 673 1143 ipsa
684 1079 809 1130 conmissi.

93 1153 131 1204 ld
144 1151 249 1216 primurn
259 1162 312 1212 orgo
322 1149 457 1212 dicentium,
467 1149 528 1214 quoi
542 1150 610 1200 etiam
620 1150 664 1200 alia
677 1155 818 1201 sacramenta
828 1151 877 1202 irn-

60 1223 138 1288 pertin
152 1224 267 1287 possunt,
283 1220 304 1270 si
317 1220 403 1284 aliquid
414 1221 474 1284 quun
484 1221 514 1272 sit
525 1221 553 1271 de
566 1221 665 1271 essentia
675 1221 713 1271 rol
729 1221 874 1274 solemnitate

19 1343 20 1348 ,
60 1293 205 1346 sacramenti
216 1292 370 1350 subtrahatur,
382 1295 408 1342 ut
419 1292 504 1342 dictum
520 1295 565 1342 est.
581 1292 625 1342 Sed
643 1295 719 1342 tamen
733 1292 805 1355 magis
817 1305 872 1343 ma·

59 1364 174 1416 trimonio
206 1362 275 1424 quim
297 1360 348 1412 aliis
369 1361 518 1412 sacramentis
541 1360 705 1426 impedimenta
728 1361 875 1424 assignantur

62 1437 161 1502 propter
180 1437 230 1483 tres
243 1433 357 1484 ratioms:
374 1432 468 1490 Puni,
486 1433 540 1496 quin
551 1433 720 1483 matrimonium
734 1431 837 1484 consistit
847 1431 875 1484 in

61 1507 174 1568 duobus3
189 1507 213 1554 et
225 1504 277 1556 iteo
287 1503 390 1569 pluribus
404 1504 477 1556 modis
486 1508 562 1568 potest
579 1503 686 1568 impediri
699 1503 768 1568 quam
780 1503 824 1554 alia
835 1516 876 1558 aa·

65 1580 202 1639 uramenta,
218 1589 268 1638 qum
281 1573 321 1625 uui
334 1587 437 1638 persona
450 1577 582 1638 competunt
592 1575 743 1636 singulariter.
756 1573 873 1639 Secundo,

19 1691 20 1698 ,
63 1651 122 1714 quia
139 1645 315 1698 matrimonium
325 1646 394 1696 habet
408 1646 432 1696 in
446 1646 512 1696 nobis
524 1658 617 1696 causam
630 1649 653 1694 et
666 1645 691 1696 in
701 1646 763 1707 Deo,
779 1645 820 1696 sed
830 1644 876 1695 alia

64 1719 178 1784 qnaeriam
189 1720 332 1768 sacramenta
351 1715 423 1767 solirm
436 1717 461 1767 in
476 1717 537 1780 Ileo;
550 1717 611 1766 unda
625 1719 649 1766 et
661 1714 812 1778 peanitentiae,
824 1725 877 1779 quaa

64 1791 138 1842 nalum
155 1801 250 1839 causam
275 1787 299 1837 in
317 1787 383 1839 nobis
404 1788 478 1853 aliquo
498 1789 581 1850 modo,
596 1787 704 1850 magister
718 1788 778 1850 llll,
792 1788 874 1844 Seni„

65 1862 125 1914 dist.
144 1862 211 1922 16),
226 1861 330 1923 quadarn
349 1859 511 1922 impedimenta
530 1856 667 1921 assignarit,
680 1863 706 1909 nt
721 1859 873 1924 hypocrisim,

65 1932 150 1992 ludos,
166 1934 192 1981 et
211 1928 352 1992 hujusmodi.
374 1929 464 1990 Tertii,
478 1928 532 1992 qnia
550 1929 579 1980 de
595 1929 645 1980 aliis
666 1930 815 1982 moramentis
838 1932 876 1982 cat

62 2007 214 2069 praeceptum
227 2001 265 2052 uel
277 1999 412 2061 consilium,
429 2000 490 2051 sicut
502 2002 531 2052 de
550 2001 617 2052 bonis
629 1999 821 2064 perfectioribns3
833 1999 877 2051 secl

19 2101 20 2124 l
65 2076 98 2128 uic
108 2072 257 2124 matrimonio
270 2077 305 2124 ost
317 2071 465 2136 indulgentia,
483 2071 541 2122 sicut
553 2073 580 2122 de
594 2072 653 2122 bono
671 2070 746 2122 nrinius
760 2071 873 2134 periecto3

19 2129 20 2152 ³
66 2151 91 2198 et
108 2145 174 2208 ideo,
189 2147 213 2194 ut
230 2145 294 2195 rietur
304 2143 393 2194 occasio
406 2141 538 2208 proficiendi
553 2143 577 2193 in
591 2143 761 2207 melius,plura
773 2141 879 2205 impedi-

67 2222 150 2271 menta
165 2215 311 2281 assignantur
323 2215 470 2267 matrimonio
482 2215 550 2278 quarn
566 2215 617 2266 aliis
629 2213 783 2266 sacramentis.

99 2292 135 2342 td
155 2289 283 2340 secunlum
298 2287 418 2340 (licendum
426 2325 435 2351 ,
449 2287 510 2351 quta
526 2287 661 2352 perfectiora
676 2286 779 2350 pluribus
801 2285 877 2338 modis

19 2381 20 2422 ,
64 2361 179 2428 impertiri
190 2364 295 2424 possunt,
304 2361 328 2410 in
337 2361 482 2424 quantumad
492 2372 520 2410 ea
529 2358 754 2424 plurareqniruntur.
762 2357 785 2407 Si
797 2361 876 2409 antem

19 2439 20 2468 ³
65 2436 98 2486 sit
114 2433 211 2498 aliquod
222 2432 381 2496 imperfectum
390 2432 419 2482 ad
432 2432 492 2496 quod
502 2432 568 2496 plura
581 2429 797 2494 requiruntur‚tllun
806 2430 876 2481 etiam

19 2513 20 2530 ,
65 2506 164 2558 habebit
179 2505 242 2568 plura
257 2505 434 2569 impedimenta3
450 2507 474 2554 et
488 2503 567 2554 sicest
582 2503 610 2553 de
627 2501 779 2554 matrimonio.

19 2579 20 2582 ’
103 2578 139 2628 art
158 2576 251 2626 tertium
272 2575 406 2637 dicandum,
418 2573 480 2638 quod
498 2575 556 2625 ratio
574 2574 613 2622 illa
629 2573 775 2636 procederet,
789 2572 810 2623 si
827 2583 877 2622 nnn

68 2653 151 2701 essent
165 2647 210 2698 alia
220 2645 321 2697 remedia
333 2647 416 2710 quibus
427 2644 495 2696 etiam
509 2649 587 2710 posset
602 2643 717 2696 efficaciis
731 2645 808 2696 morbo
819 2655 878 2695 cou-

70 2719 221 2784 cupiscentia
235 2717 352 2769 subreniri
360 2719 441 2782 ,quui
455 2718 538 2768 laisum
548 2719 591 2767 est.

19 2817 20 2832 u
102 2792 137 2844 nd
148 2793 254 2854 quartum
273 2789 410 2851 dicendum,
423 2789 484 2853 quod
496 2799 600 2852 persone
612 2785 737 2851 illegitimae
750 2787 778 2838 ad
792 2783 875 2836 matri-

68 2861 180 2915 monium
188 2861 370 2914 contraluenrlnna
383 2860 488 2912 dicuntur
502 2871 532 2911 cx
540 2869 569 2910 ee
577 2857 637 2921 quud
645 2860 700 2908 sunu
711 2857 873 2918 euutralsgeur
