1946 3318
123 140 169 187 its
252 132 450 197 suurnuuurrnir,
467 147 560 192 suess.
577 147 798 195 urxrrr-‚rur.1v.

119 229 147 276 et
161 227 271 289 qnantum
284 225 312 274 ad
328 223 414 286 aliquid
429 223 537 274 renuerit
545 235 600 273 uum
611 221 648 274 ea.
658 223 739 273 itiitert
751 223 847 287 quidem
858 238 937 289 quau-

32 289 48 328 1
118 305 172 346 tum
185 297 213 346 ad
227 297 272 346 hue
285 294 346 368 qu'ed
359 295 426 358 ponit
440 297 514 344 totum
530 295 595 358 ,quud
613 299 648 346 ast
668 295 710 346 sut
727 295 804 345 ferma
821 297 900 348 earnis
916 303 940 349 et

118 367 182 418 ussis
197 367 276 416 eudem
289 365 375 414 ratiuue
391 364 419 413 ad
440 364 563 414 veritatem
572 366 680 416 humane
694 367 783 416 naturae
800 365 937 431 pertinere3

122 437 236 501 quianon
249 434 368 498 distinguit
383 435 467 500 aliquid
482 435 598 486 materiate
619 435 733 498 signatum
752 446 899 500 permaneus
913 440 939 490 in

123 509 216 562 humine
229 510 279 558 tutu
291 508 393 570 tempore
408 507 462 557 rite
477 506 617 570 ejmsquut
628 519 671 571 per
684 519 709 557 se
720 506 837 570 pertineat
854 511 885 560 ert
897 523 940 560 ve-

122 580 213 632 ritatem
230 579 337 630 numme
351 581 454 641 natum,
472 583 495 628 et
509 577 599 642 primt3
614 583 638 628 et
656 577 741 642 aliquid
762 579 843 646 tuens
855 585 881 631 et
899 595 941 632 re-

123 651 212 708 tinens,
225 649 287 712 quod
304 648 419 714 pertineat
436 650 465 699 ad
483 648 601 700 restarem
622 645 730 700 hamme
747 647 838 702 nature
859 652 939 704 selum

125 726 219 786 propter
235 721 368 784 quantitatis
389 719 566 785 pertertrnrm,
582 733 629 771 non
649 723 740 785 prepter
759 721 862 784 primurn
883 739 940 774 ως
964 753 965 764 ,

123 791 228 857 speeiei,
242 792 302 843 sieut
315 793 417 844 seuuuda
426 793 507 856 upiuie
519 791 624 856 diuetat3
635 792 676 845 sed
685 792 847 856 puuitomues
855 801 940 860 pur-tes

124 877 177 928 upum
195 877 242 914 neu
257 867 311 918 suut
328 868 409 928 preter
427 864 581 916 intentionem
594 867 681 914 nature
699 869 846 928 upgeueratre
864 868 940 932 perti·

124 947 181 990 nere
198 937 227 986 ad
243 937 363 987 veritatem
376 935 481 986 humere
496 939 596 997 nature,
611 938 720 1000 quantum
733 935 764 986 ud
777 936 801 986 id
816 939 881 1000 qued
896 942 938 990 hu-

125 1007 181 1058 hert
194 1007 222 1056 de
236 1007 314 1070 speeie
325 1007 394 1071 ,qaia
405 1005 441 1058 sie
454 1010 564 1069 munuut3
581 1019 627 1057 uun
641 1010 717 1057 eutem
729 1009 848 1070 quantum
861 1012 893 1061 ud
912 1011 935 1061 iu

123 1079 185 1142 quad
204 1079 291 1130 hubent
309 1079 337 1130 de
352 1078 461 1140 muteris,
477 1079 532 1141 quia
546 1079 580 1129 sie
591 1079 665 1128 fluunt
677 1082 702 1129 et
717 1079 821 1130 refluunt
839 1079 937 1133 iuditiu-

50 1171 56 1175 ·
124 1155 208 1200 uenter.
219 1151 249 1201 Ut
259 1151 293 1200 itu
306 1148 375 1202 etiam
388 1150 545 1214 intetiipamus
557 1149 692 1214 tuutingere
703 1149 728 1199 iu
741 1151 851 1214 pentibus
867 1154 936 1204 uuirr

123 1221 239 1284 huminis,
262 1223 321 1273 sieut
341 1222 454 1286 contingit
476 1223 565 1273 intuta
581 1221 728 1273 multitudiue
745 1221 864 1288 eivitatis,
884 1227 936 1290 quir

122 1293 211 1358 singuli
220 1294 406 1345 subtrahunturt
418 1294 563 1344 multitudine
576 1307 618 1357 per
630 1297 739 1353 mertem,
751 1292 804 1343 aliis
817 1294 844 1346 iu
858 1297 934 1347 lecum

125 1375 205 1416 ‘eornm
225 1366 415 1428 succedentibus3
428 1366 489 1417 unde
506 1369 583 1430 partes
601 1363 751 1415 multitudiuis
764 1364 843 1415 flunut
855 1371 882 1417 et
895 1381 935 1418 re·

124 1437 200 1488 fluunt
208 1437 368 1500 materialiter,
379 1437 420 1486 sed
429 1437 553 1487 formaliter
563 1439 664 1497 manent,
674 1434 728 1498 quia
737 1433 765 1484 ad
778 1436 865 1488 eudem
880 1439 934 1490 offi-

124 1509 159 1558 uia
175 1515 199 1560 et
214 1509 306 1562 urdine's
323 1509 491 1560 substituuntur
505 1507 560 1570 alii,
575 1508 685 1572 equibus
699 1506 786 1572 priores
805 1509 936 1563 subtrahe-

125 1579 220 1644 heutur3
234 1582 295 1632 unde
317 1580 444 1644 respublica
464 1594 515 1630 aaa
530 1593 636 1630 numero
657 1589 775 1629 remanere
793 1579 893 1632 dieitur.
908 1584 934 1633 tt

125 1650 231 1704 similiter
246 1652 333 1712 etum,
347 1652 401 1701 dnm
415 1650 551 1714 quibusdam
564 1650 665 1716 partibus
681 1649 806 1700 fluentibus
820 1652 876 1704 ann
897 1667 934 1704 re·

125 1729 235 1786 parentur
252 1724 277 1773 in
297 1724 376 1774 eadem
399 1723 470 1786 figura
490 1725 514 1772 et
533 1723 557 1771 iu
578 1722 660 1772 eedem
678 1721 742 1782 situ,
758 1733 841 1772 omnes
857 1728 935 1787 partes

125 1794 200 1844 fluunt
213 1797 236 1845 et
248 1795 348 1868 refluunt
360 1793 486 1843 secumdum
497 1791 624 1851 matreium,
640 1793 681 1843 sed
694 1792 790 1841 merent
804 1795 934 1844 seeundum

109 1891 112 1896 ·
126 1865 240 1929 speciem,
252 1869 330 1916 manet
342 1864 492 1914 nihilominus
508 1866 576 1915 homo
589 1864 651 1914 idem
665 1874 770 1917 numero.
786 1863 834 1914 Sed
848 1877 935 1916 cenve-

42 1982 50 2004 ,
124 1936 163 1986 nit
174 1935 243 1986 tertia
255 1949 307 1985 eum
325 1936 424 1986 seuuuda
437 1935 544 1998 opuiure
556 1934 629 1998 ‚unia
643 1934 710 1999 petit
722 1933 782 1998 qued
800 1938 882 1998 peries
897 1949 934 1987 se-

43 2005 45 2013 '
125 2006 200 2058 eundi
218 2007 366 2057 advenientes
386 2019 433 2056 non
448 2006 480 2055 ita
500 2005 600 2070 perfecti
619 2007 753 2070 pertingunt
767 2007 797 2056 ud
810 2006 934 2059 ueritatem

121 2077 229 2142 speciei,
246 2077 307 2130 sieut
325 2090 377 2140 qnae
393 2077 466 2141 print
488 2079 639 2130 advenerunt.
653 2079 682 2127 Et
702 2077 769 2138 iduor,
784 2077 846 2127 idem
872 2079 935 2142 qued

126 2151 192 2214 pouit
208 2161 326 2212 resurgere
338 2148 364 2196 in
378 2149 471 2202 homine
485 2150 584 2200 seuuuda
599 2147 689 2214 opinio,
704 2148 770 2214 ponit
787 2151 875 2213 tertia,
893 2149 933 2202 seri

123 2233 174 2278 unu
187 2221 280 2285 penites
297 2220 378 2270 eadem
395 2221 483 2271 ratione
500 2236 506 2271 :
519 2220 584 2286 ponit
597 2221 661 2270 euim
673 2223 746 2271 tutum
759 2218 816 2270 iliud
829 2221 893 2283 quod
905 2233 933 2272 er

122 2292 213 2342 sumine
227 2294 361 2354 peremtum
376 2296 412 2342 est
424 2305 556 2356 resurgere,
574 2305 620 2343 uun
631 2289 746 2356 purasne
757 2291 845 2343 rutrum
861 2292 933 2356 perti·
964 2297 965 2326 i

125 2366 179 2412 rust
187 2362 216 2412 ad
228 2361 345 2412 veritatem
357 2363 463 2414 inmane
474 2368 569 2426 nature,
584 2362 652 2427 euim
667 2363 712 2413 hou
724 2362 784 2426 quod
798 2364 882 2425 poster
895 2364 932 2414 rd-

125 2432 199 2482 reuit.
212 2433 256 2484 Sed
269 2433 321 2496 quia
338 2433 462 2498 persenties
473 2434 593 2484 veritatem
607 2432 694 2498 spetiei
713 2430 845 2497 participet.
860 2433 931 2491 Quru

120 2503 229 2554 urdinem
248 2505 349 2568 ponebat
360 2507 459 2557 secunde
469 2504 548 2569 opinis
562 2506 587 2554 in
600 2506 636 2555 his
651 2517 703 2569 que
716 2506 798 2568 postea
808 2504 933 2556 uersuum

125 2586 155 2624 er
168 2575 277 2627 alimento
288 2611 296 2638 ,
307 2576 335 2628 iu
346 2589 393 2639 qno
407 2577 477 2628 etium
492 2579 543 2628 teu
555 2576 633 2641 ¹opinio
646 2577 770 2628 ueueurdat
783 2589 836 2628 euru
847 2575 898 2628 iliu.

157 2647 192 2696 td
209 2646 308 2711 primum
322 2661 376 2713 erge
391 2648 527 2713 uiuendum,
540 2649 600 2713 quer
613 2661 650 2699 res
663 2647 775 2698 naturalis
795 2651 893 2698 nonest
909 2645 930 2696 ir
964 2667 965 2716 p

121 2719 186 2780 quod
206 2723 242 2770 est
255 2733 283 2770 ex
304 2733 346 2769 suu
359 2719 467 2783 materia,
483 2720 567 2770 seder
590 2731 632 2769 sua
646 2719 728 2780 ferme.
743 2718 808 2770 Unde
828 2718 930 2786 quamvis

125 2787 181 2840 illud
200 2794 299 2843 materie
313 2793 374 2855 quud
389 2792 525 2858 quaudoque
539 2792 582 2841 tuit
598 2791 728 2842 subterna
747 2789 824 2841 curnis
844 2792 929 2844 turine

123 2863 267 2927 erumpatin
280 2863 374 2914 homine
389 2862 431 2914 sui
447 2862 519 2913 turma
535 2861 609 2914 earnis
621 2863 748 2923 humane,
762 2871 810 2910 neu
827 2862 929 2928 requitur
964 2857 965 2892 t
