1998 3326
129 141 190 214 *tto
299 147 500 208 surnuounuruu,
516 147 610 193 oumsn.
623 147 679 200 uua,
691 147 749 187 aar.
767 147 785 184 r.

144 226 270 290 contrahit,
282 224 505 289 peecatmortaliter‚
515 223 577 288 quia,
593 222 716 274 secundum
730 221 898 286 Hieronymum
906 223 930 288 (l
936 222 957 287 ),

148 297 327 362 «uirginitatem
336 295 474 346 voventibus
485 308 533 345 uon
542 294 614 345 solum
627 295 725 356 nubere,
736 294 776 345 sed
786 293 844 344 uelle
859 293 962 345 nubere

147 368 274 423 damnabile
293 366 428 418 estosed
447 369 576 418 contractus
594 365 732 418 matrimonii
750 369 848 416 nonest
866 369 960 416 eontra

148 444 226 493 uotum
238 435 393 499 continentie,
408 436 453 488 nisi
467 437 554 487 ratione
565 435 661 487 earnalis
672 438 768 500 copulae.
783 437 843 499 Ergo
853 436 960 500 quando

146 509 221 576 primd
233 507 354 561 carnaliter
367 508 527 562 commiscetur
535 507 610 569 uxori,
623 507 747 560 mortaliter
759 509 847 572 peceat,
865 510 904 571 et,
914 520 959 558 ea·

147 582 199 632 dem
214 579 311 644 ratione,
322 579 426 631 omnibns
437 579 487 633 aliis
495 579 591 642 uicibus,
603 579 656 644 quia
669 583 789 644 peceatum
796 578 873 643 primii
888 591 962 630 wm-

147 652 241 702 missum
260 663 306 700 non
319 654 393 715 potest
407 663 515 702 excusare
526 654 620 716 peecata
629 650 758 714 sequentia.

180 726 203 772 t.
217 723 345 784 Praeterea,
358 723 394 774 vir
412 728 435 774 et
451 723 532 777 mulier
544 722 569 773 in
583 721 726 774 matrimonio
743 722 827 772 dehent
841 733 897 776 esse
910 735 960 786 pa-

146 804 196 854 res,
211 791 324 857 precipuo
343 792 453 857 quantum
472 793 502 844 ad
522 793 634 844 carnalem
652 793 768 857 copulam.
786 793 829 842 Sed
849 792 892 846 ille
913 793 958 857 qui

147 866 225 914 uotum
240 862 338 928 simplex
354 863 501 915 continentie
514 864 584 927 iacit,
598 877 715 928 nunquam
726 867 802 928 potest
814 866 897 926 petere
911 864 959 916 do-

129 931 219 1000 -bitum
236 931 287 984 siue
308 937 418 998 peccato,
433 935 486 1000 quia
509 936 610 1000 hoeest
626 934 746 986 maniiestd
766 938 844 988 contra
868 937 959 986 uotum

149 1001 313 1068 continentiae,
328 1005 357 1056 ad
370 1019 438 1070 quam
451 1018 481 1060 ex
490 1009 547 1058 uoto
557 1009 656 1058 tenetur.
666 1006 726 1069 lopo
743 1019 786 1060 neo
795 1005 892 1060 reddere
909 1019 957 1070 po·

146 1077 194 1126 test
206 1075 256 1126 sine
267 1081 370 1140 peceato

179 1147 224 1197 Sed
235 1150 314 1198 eontra
327 1151 378 1210 est,
393 1147 454 1211 quod
467 1147 593 1198 Alexander
606 1148 668 1212 Papa
681 1147 749 1210 dicit,
766 1147 825 1212 qudd
840 1163 855 1194 o
868 1150 959 1200 uotum

149 1216 249 1281 simplex
268 1217 363 1282 impedit
376 1217 542 1268 matrimonium
560 1219 756 1308 oontmoondum3
773 1219 813 1269 sed
833 1231 882 1269 non
896 1218 959 1270 diri·

148 1286 191 1336 mit
203 1290 352 1339 contractum.
362 1303 376 1337 u

185 1357 343 1421 (Gonouosro.
350 1355 493 1421 -Simplex
510 1361 604 1422 uotum,
617 1345 664 1409 etsi
674 1358 764 1409 dirimat
777 1357 957 1410 matrimonium

150 1429 342 1490 contrahendum,
358 1430 499 1478 contraetmm
513 1430 589 1478 tamen
602 1429 734 1480 nullatenus
744 1429 813 1480 tollit.
819 1431 828 1489 l

131 1553 139 1562 ,
181 1498 316 1562 Respondeo
330 1498 460 1562 dioendum,
472 1497 534 1561 qudd
545 1511 585 1564 per
598 1499 643 1550 loo
657 1512 696 1552 res
710 1498 786 1562 aliqui
800 1497 885 1550 desinit
899 1512 958 1551 esse

149 1567 176 1618 iu
192 1570 304 1632 potestate
320 1567 432 1633 alicujus,
447 1581 489 1634 per
499 1569 560 1634 quod
573 1569 653 1622 transit
665 1569 692 1622 in
704 1569 831 1622 domininon
844 1569 955 1622 alterius.

147 1637 273 1690 Promissis
286 1642 363 1690 autem
373 1638 470 1704 aiicujus
485 1639 520 1692 rei
532 1653 579 1691 non
594 1641 704 1694 transfert
721 1654 772 1694 eam
781 1640 807 1692 in
823 1640 955 1692 dominium

150 1709 202 1774 ejus
218 1709 255 1760 oui
266 1710 420 1775 promittitur;
435 1714 458 1762 et
474 1711 526 1762 ideo
547 1724 594 1764 non
613 1723 643 1764 ex
661 1713 706 1764 hoe
718 1711 770 1777 ipso
789 1710 851 1775 qndd
868 1710 959 1775 aliqrxis

150 1793 199 1831 rem
211 1781 323 1844 promittit
338 1781 450 1846 aliquam,
465 1781 549 1832 desinit
566 1795 604 1834 res
616 1783 656 1836 illa
669 1782 757 1836 esseio
770 1785 885 1846 potestate
898 1794 955 1832 sua.

152 1847 211 1899 Cim
224 1863 277 1913 ergo
287 1850 311 1900 in
322 1856 376 1902 uoto
393 1851 489 1916 simplici
500 1865 546 1902 non
559 1851 590 1903 sit
603 1852 650 1902 nisi
660 1852 757 1916 simplex
766 1851 888 1918 promissio
898 1865 957 1917 pro-

136 1918 197 1984 ¹prii
210 1919 326 1982 corporis,
343 1920 372 1969 ad
393 1920 556 1972 continentiam
570 1922 616 1972 lieo
635 1924 786 1986 seruandam,
807 1924 884 1985 lucu,
898 1925 957 1986 post

150 1992 228 2039 uotum
247 1989 345 2054 simplex
361 1990 437 2040 adhue
453 1994 559 2046 'remanet
575 1992 644 2044 hemo
659 1993 766 2046 dominus
786 1993 822 2045 soi
839 1994 953 2058 eorporis.

151 2061 181 2112 ltu
191 2061 242 2112 ideo
257 2065 333 2126 potest
346 2062 422 2125 ipsum
434 2063 500 2114 alteri
513 2063 582 2127 dare,
597 2064 686 2116 seilicet
704 2066 788 2130 uxori3
804 2066 828 2116 iu
845 2077 891 2129 qua
911 2065 954 2116 da·

135 2131 214 2204 'tione
233 2135 398 2184 sacramentum
414 2133 552 2184 matrimonii
574 2136 695 2199 consulit,
710 2139 770 2201 quod
792 2137 953 2200 indissolubile

150 2208 194 2256 est.
215 2205 244 2256 Et
254 2207 348 2270 propter
361 2204 405 2254 hoe
416 2206 493 2255 uotum
504 2205 610 2269 simplex,
624 2207 728 2270 quanvis
741 2208 852 2272 impediat
866 2209 954 2259 matri-

136 2274 252 2340 ,monium
265 2274 459 2338 contrahendum,
468 2274 521 2336 quia
536 2280 613 2340 peceat
626 2277 763 2330 contrahens
775 2279 950 2330 matrimonium

149 2348 202 2406 post
218 2349 295 2398 uotum
306 2344 404 2410 simplex
414 2345 568 2410 continentie,
576 2350 662 2410 tamen,
670 2349 724 2412 quia
734 2361 803 2400 uerus
814 2352 954 2401 contractus

136 2418 198 2478 est,
210 2429 257 2468 non
267 2419 343 2482 potest
356 2415 525 2467 matrimonium
538 2430 579 2482 por
590 2420 634 2470 hoo
646 2419 732 2472 dirimi.

133 2538 143 2546 ,
181 2487 215 2538 uid
225 2486 323 2552 primum
333 2499 386 2550 ergo
401 2487 537 2553 dicendum,
551 2489 611 2553 puto
624 2493 703 2542 uotum
718 2493 754 2542 est
770 2490 854 2542 lortius
871 2491 953 2542 uinea-

148 2553 196 2608 lum
209 2557 277 2622 quim
292 2557 474 2638 matrimonium,
494 2560 604 2624 quautirm
618 2561 647 2611 ed
666 2561 690 2612 id
708 2562 746 2612 eui
764 2562 789 2612 iit
803 2565 827 2611 et
843 2561 872 2612 ad
890 2562 951 2625 quod

150 2624 247 2704 optigit,
259 2628 312 2694 quia
326 2643 368 2694 per
381 2630 551 2700 matrimonium
566 2631 680 2694 obligatur
696 2633 765 2685 homo
777 2633 844 2684 oxori
857 2633 888 2683 ad
901 2632 952 2702 red¹

135 2693 259 2768 ¹ditionem
278 2699 366 2774 debiti,
381 2702 421 2754 sed
435 2714 477 2768 per
493 2706 586 2766 votum,
601 2703 661 2764 lieo,
675 2703 705 2754 ad
723 2702 898 2756 continentiam.
910 2705 952 2756 Τι-

184 2840 220 2906 (1)
234 2846 271 2894 Ex
280 2847 410 2906 Augustino
426 2848 533 2908 sumitur,
542 2843 585 2896 lib.
595 2845 950 2910 deploratissimum.
