1968 3294
147 203 195 252 ω
296 195 493 245 edtrfflmtll,
509 195 602 240 odatr-
614 193 676 245 ΚΕΗ,
692 196 750 238 aar.
768 199 786 236 l·
977 208 978 244 l

145 270 311 337 proportionem
325 273 385 324 inter
395 282 533 335 oomoeoene
543 274 567 324 ct
577 269 690 335 cognitum
700 309 708 335 ,
719 273 776 336 onia
789 275 880 338 oportet
888 273 936 324 rir-
977 285 978 342 l

143 349 216 398 tutem
240 343 396 407 cognoscentia
417 343 527 408 coequari
548 342 734 407 rognosoihilitati
760 345 795 395 rei
821 344 936 409 cepada
977 355 978 370 ¹

144 414 258 479 aquatius
266 419 340 465 autem
352 413 466 479 proportio
476 414 579 478 quedam
587 416 631 466 eet.
642 412 686 466 sed
695 415 832 478 quandoque
839 427 936 478 oognoe-

144 485 242 538 nihilitus
255 485 287 535 rei
297 483 386 536 exodio
399 486 504 534 aruntem
518 483 690 547 mguoaorntie,
704 483 765 534 aient
775 482 829 536 aum
842 495 885 536 ooe
899 495 938 538 oe

142 556 271 620 pooeoimue
286 555 370 618 lienum
385 557 425 606 aut
439 553 453 606 d
469 566 593 618 converso,
613 555 671 606 sieut
688 551 739 606 cim
752 553 804 618 ipee
819 555 938 619 meruerit

142 632 265 678 creaturae.
280 626 309 676 lit
328 630 382 680 hunc
399 637 444 680 aon
461 629 550 690 oportet
562 637 614 679 eaeo
634 624 802 688 proportionem
820 622 882 677 inter
898 637 937 676 co

143 709 254 761 proscens
267 701 292 748 ot
303 696 436 760 cognitum,
450 698 490 748 aed
506 693 738 760 proportionalitatem
752 693 858 759 uutdm3
872 695 938 750 eriti-

142 771 192 828 oot,
209 772 235 816 ut
251 767 309 817 siout
324 780 350 818 ee
371 767 438 819 hahet
451 778 590 829 cognosceus
603 765 631 816 ad
649 766 847 830 eognoeoeudam,
861 766 895 818 ita
910 777 937 818 ee

144 837 225 888 trahem
239 837 387 900 cognoscibile
400 838 428 888 ad
446 837 490 890 hoo
510 835 570 899 qnod
588 840 744 898 cognoscatur.
756 835 789 886 Et
810 837 867 888 talin
884 849 937 902 pro-

142 906 389 972 portionalitaesuidoit
398 907 545 968 rdhoeondd
554 905 669 956 inlinitum
678 910 829 969 manderetur
839 907 935 967 dlinilo.

144 977 180 1028 ael
192 977 206 1026 d
220 989 336 1031 conuerso.
348 977 390 1027 Vel
403 977 522 1028 dicandum
533 975 593 1042 qudd
607 975 733 1038 proportio,
744 977 874 1030 eoeundhm
884 990 936 1041 pro·

144 1045 216 1111 priam
227 1047 323 1098 nominis
334 1047 508 1108 iustitutionem,
517 1046 630 1114 eiguilieat
639 1045 794 1101 habitudinem
802 1047 934 1112 quandam

143 1117 172 1169 ad
194 1118 343 1182 quantitatem
363 1117 488 1170 eeouudirm
509 1117 606 1180 aliquem
629 1115 802 1166 determinatum
815 1129 934 1170 exeemom

143 1187 181 1242 rel
188 1186 377 1252 admonitionem
386 1187 424 1240 aed
436 1186 530 1242 ultmiue
538 1190 572 1238 oet
582 1185 715 1239 umelatnm
722 1185 934 1251 adsignidcendun

143 1271 233 1314 omnem
246 1258 398 1312 habitudinem
409 1257 570 1322 opimamque
586 1255 696 1308 adalind.
710 1256 741 1306 lit
755 1269 797 1321 per
809 1257 875 1308 huno
886 1269 934 1311 aro·

143 1331 196 1382 duro
209 1328 303 1382 dumne
318 1328 378 1392 ondd
393 1327 486 1381 naum
504 1327 571 1381 dehet
589 1338 641 1378 esne
659 1329 829 1390 proportionata
846 1327 876 1378 nd
888 1327 935 1378 ior·

143 1413 213 1450 mana.
223 1399 250 1451 Et
259 1400 303 1452 hoo
311 1400 377 1450 modo
392 1397 448 1450 nihil
457 1397 562 1461 prohihet
573 1396 711 1448 intellectum
721 1401 840 1458 rosham,
855 1409 936 1461 qoam·

65 1494 73 1509 ·
143 1472 178 1522 rie
198 1471 228 1522 eit
243 1469 333 1528 dnitue,
348 1469 393 1522 dior
410 1468 602 1532 proportionatum
621 1466 788 1518 adridendum
808 1468 933 1520 eennoan

142 1542 243 1594 diuinam
258 1541 434 1602 mimiamaon
446 1543 523 1591 tumen
538 1538 567 1588 ad
583 1537 818 1600 comprehendendum
829 1541 933 1602 ean,et

143 1613 187 1666 hoo
199 1616 290 1678 propter
304 1622 369 1664 emm
384 1609 567 1666 tmneoeiutem.
977 1623 978 1630 ¹

175 1684 209 1736 dd
218 1682 339 1748 eopinrm
350 1679 478 1740 dieoodum,
489 1677 550 1741 ouhd
560 1678 644 1742 duplex
656 1681 692 1728 eet
701 1676 826 1732 similitudo
842 1679 869 1730 et
884 1676 932 1730 dir·

143 1754 215 1806 tantia
228 1769 236 1804 a
248 1754 297 1806 Una
305 1750 426 1806 maulim
439 1747 619 1805 mlemeutiam
633 1749 657 1798 iu
669 1751 766 1811 oahrra3
779 1750 803 1799 et
815 1748 850 1803 aio
860 1749 932 1812 magia

143 1822 213 1874 dirim
228 1824 289 1875 liene
301 1823 330 1873 ah
342 1820 458 1873 inhdeotu
471 1823 564 1880 walo,
575 1817 643 1883 qum
653 1818 793 1883 intediphile
803 1822 905 1872 meatem
917 1818 931 1870 t

142 1905 222 1950 moen.
235 1893 285 1944 itia
299 1891 422 1944 widin
439 1889 687 1955 proportionalitatem
700 1894 726 1941 et
737 1887 762 1940 tit
776 1887 790 1940 d
803 1902 928 1953 converto,

142 1963 197 2028 quia
209 1975 288 2020 monuo
300 1972 346 2014 oon
359 1965 396 2015 eet
407 1961 588 2025 proportionatae
605 1961 634 2012 ad
647 1960 826 2024 cognoscendum
840 1960 930 2026 aliquod

144 2034 307 2096 immateriale,
320 2031 378 2085 aaut
394 2032 522 2087 luteltootoe
534 2036 571 2086 aot
590 2031 772 2096 proportionatae
788 2031 819 2082 ad
831 2044 928 2096 mpude-

143 2106 240 2160 mnium
252 2105 408 2168 cumennora
420 2101 574 2158 immateriale.
589 2104 618 2154 lit
631 2105 681 2155 haee
693 2101 817 2155 similitudo
829 2102 930 2166 rapnid-

142 2179 180 2228 tur
194 2175 222 2227 ad
241 2173 436 2237 eopnoecendum,
448 2186 495 2224 oon
511 2178 586 2225 antem
602 2173 688 2238 pmma,
698 2173 752 2235 quia
766 2172 927 2238 wnetatepndd

141 2247 272 2300 totelenei
288 2242 415 2304 mtelipeoa
425 2243 522 2306 lapidem
535 2256 580 2296 noo
596 2247 631 2296 eet
650 2243 732 2296 similia
748 2241 771 2294 ei
785 2242 810 2294 in
828 2244 926 2298 oatnrali

140 2331 199 2380 earu·
209 2312 415 2370 eicutetierarieue
423 2315 573 2378 apprehendit
581 2315 625 2368 mel
636 2315 729 2366 rnheum
743 2319 767 2366 et
777 2314 810 2371 tel
821 2315 926 2376 rutrum,

139 2385 242 2453 quamue
258 2394 305 2434 non
317 2385 469 2447 apprehendat
481 2387 526 2438 mel
534 2385 601 2440 dulce
614 2385 650 2450 lt)
661 2401 668 2448 ;
680 2385 741 2438 tellis
758 2385 819 2441 enim
837 2386 922 2439 rnhedo

139 2555 204 2603 melei
218 2561 289 2600 totam
301 2557 352 2611 elue
367 2555 445 2601 rideat
461 2555 600 2615 essentiam,
614 2558 719 2614 quinquie
731 2556 838 2603 heetlded
848 2559 917 2614 ridet,

139 2631 185 2664 nom
201 2629 281 2663 omnen
297 2623 374 2666 iernen
391 2619 442 2675 etue
459 2617 606 2668 habitudines
620 2631 650 2664 ae
669 2624 787 2676 turpentur
799 2621 918 2677 emnil,

139 2681 193 2738 quia
207 2681 307 2736 meoejrre
320 2677 425 2725 latinitati
440 2679 580 2736 adaequatur,
595 2686 634 2726 aut
646 2680 762 2737 adequari
775 2686 858 2740 potent.

169 2747 337 2809 (illiceret,
354 2750 399 2798 auh
419 2750 508 2800 ratione
526 2749 598 2798 dulcia
619 2761 665 2798 non
686 2750 853 2809 apprehendit,
897 2753 917 2797 ia

138 2811 234 2858 dulcedo
247 2823 293 2856 non
307 2811 405 2867 pertinet
417 2811 460 2858 uisi
474 2811 503 2858 ad
515 2819 621 2872 gustump
635 2811 694 2860 eieut
706 2813 750 2858 ouh
765 2814 854 2862 ratione
883 2815 922 2860 nri

137 2873 186 2920 rito
198 2873 261 2922 rubri
274 2873 436 2933 apprehendit,
450 2873 605 2934 quapropter
620 2875 663 2922 hoo
678 2873 779 2936 pertinet
789 2875 819 2922 ati
837 2875 915 2924 ritum.
