1948 3312
126 169 171 216 lili
248 169 450 220 marmoreorum·
464 169 557 214 omnen.
574 169 675 218 unxia,
691 169 744 207 aar.
763 171 786 206 ι,

153 246 198 297 Sed
207 249 283 296 eontra
298 249 347 306 est,
356 245 415 306 qnod
428 243 510 296 dieitur
522 246 587 300 Act„
599 243 703 307 ll,an
715 244 845 298 «christoe
858 261 917 300 eon·

124 315 215 365 stitutus
224 315 281 366 esti
291 315 336 366 lieo
344 317 415 378 inlex
424 315 526 365 virorum
540 317 563 364 et
575 315 720 364 mortuoram.
730 329 744 362 ι
755 313 800 366 Sel
810 317 856 367 snb
864 317 918 369 ‘mlin

123 386 209 435 dnaone
222 384 354 436 differentiis
370 384 589 448 comprehendentur
606 395 686 434 omnes
702 385 828 444 nomines.
841 387 919 451 gonli-

122 461 251 518 tercumque
263 454 311 504 viri
327 455 444 506 loommin
456 453 630 518 distinguantur.
646 453 705 517 Ergo
718 456 919 508 omneehominee

123 523 242 588 injudicio
257 525 426 587 comparebunt.

154 595 278 655 Preterea,
291 595 402 658 Apocal„
413 597 437 654 Ι,
450 593 547 645 dieitur:
560 593 643 644 «Eece
654 592 716 644 venit
729 607 782 644 enm
795 596 917 660 emines,
962 598 963 672 ζ

124 666 148 712 et
159 663 246 713 silebit
258 675 310 714 enm
323 663 397 714 omnis
407 665 493 715 oeulos.
503 679 519 710 ι
528 663 662 714 limeeotem
673 668 818 728 nonensem,
833 665 856 716 si
868 679 919 718 non
963 678 964 689 ¹

123 743 201 782 omnes
211 734 235 782 in
248 733 334 795 jndicio
347 738 511 798 comparerent.
526 732 594 795 Ergo,
606 737 651 782 ete.
964 761 965 768 ι

154 801 345 865 (Connnomo.-
356 803 418 854 Siout
431 802 535 852 Christus
544 801 793 866 preomnilmsoaasm
803 807 841 854 est
855 806 920 866 letan·
963 809 966 874 l

123 882 170 922 non
182 883 261 922 omnes
275 873 388 936 passionis
403 874 455 934 ejus
468 873 575 922 ellectum
593 869 715 933 sentiam),
728 870 761 920 ita
775 883 861 925 omnes
873 877 918 926 hn-
963 874 967 939 l

123 940 196 991 mines
212 942 237 992 in
252 946 352 993 extremo
360 942 445 1007 jndicio
460 953 587 1005 componere
604 941 670 992 leont
681 941 814 993 ademisti
826 944 853 994 in
867 947 920 997 lan·

122 1021 188 1061 mana
204 1016 282 1062 ontnre
295 1012 453 1063 exaltationem
468 1010 616 1072 videndam.)
965 1038 966 1060 ι

153 1082 287 1145 Respondeo
299 1082 430 1142 dicendum,
444 1081 503 1145 qnod
519 1084 619 1144 potestne
633 1081 751 1144 iudiciaria
763 1082 860 1136 Christo
873 1085 918 1137 Ιιι-

122 1150 178 1201 mioi
198 1153 278 1202 collata
293 1156 329 1203 est
348 1153 372 1202 io
394 1151 509 1215 prominm
531 1150 662 1200 humilitatis
676 1163 744 1214 gnam
762 1152 789 1201 in
805 1155 919 1217 proaem

121 1221 232 1272 exhihuit.
247 1223 296 1286 lpse
307 1226 383 1272 antem
398 1222 423 1272 in
434 1233 475 1271 ena
487 1220 593 1284 motione
607 1220 740 1283 sangninem
749 1230 794 1284 oro
807 1225 918 1276 omnious

122 1291 191 1354 indit,
201 1297 310 1355 quantam
319 1293 347 1343 ad
360 1290 526 1354 sufficientiam,
538 1291 590 1342 lieet
597 1301 644 1342 non
656 1289 681 1340 in
689 1290 796 1342 omnibns
807 1294 919 1346 enectam

121 1359 209 1424 habuit,
222 1366 312 1427 propter
325 1361 510 1426 impedimentum
526 1360 550 1410 in
559 1359 671 1424 alquinus
683 1360 814 1412 inventum.
824 1363 856 1413 lit
864 1365 920 1415 ialen

120 1439 244 1493 eongmom
262 1436 298 1483 est
315 1434 340 1480 ut
353 1443 431 1482 omnes
444 1429 546 1481 homines
566 1429 687 1494 mjnlieio
705 1437 879 1496 congregentur
889 1435 917 1485 al

121 1498 242 1551 videndum
258 1502 309 1565 eine
328 1500 487 1551 exaltationem
508 1500 532 1549 in
556 1501 654 1550 humanm
675 1501 769 1563 natare,
786 1505 919 1556 munnam

121 1581 189 1632 qnam
204 1573 342 1625 montitmns
358 1574 394 1621 eet
409 1571 421 1621 l
434 1571 479 1620 ltee
495 1571 567 1634 iudex
581 1570 683 1620 meorum
695 1572 720 1620 et
730 1575 890 1626 mortuoram

151 1642 293 1706 reprimam
306 1653 361 1705 engo
377 1641 509 1703 dicendam,
522 1639 581 1704 qood
595 1640 653 1690 sient
663 1640 809 1703 ingestione
818 1645 872 1697 llx.
882 1647 920 1698 me

121 1712 233 1762 Civitate
254 1713 316 1770 Dei,
328 1725 380 1776 ιιι.
395 1716 419 1772 o,
435 1711 503 1772 dieii,
516 1723 562 1761 non
579 1709 631 1773 qnia
648 1711 731 1761 dietum
749 1716 805 1775 est,
825 1732 840 1762 ι
852 1716 920 1780 jardi-

120 1785 198 1832 cantes
215 1783 332 1833 ruoleeim
345 1782 417 1833 tribus
429 1781 506 1843 lsrael,
517 1779 674 1831 »tribnsLevi
682 1780 743 1844 (qne
755 1784 918 1838 tertiadecima

120 1850 173 1913 est)
187 1851 307 1914 judicanda
316 1865 362 1902 non
375 1852 432 1915 erit3
447 1853 486 1900 ant
500 1849 571 1901 solum
581 1849 644 1900 illum
653 1849 835 1913 popolum‚non
844 1857 917 1908 etiam

120 1925 199 1985 gentes
218 1926 312 1972 ceteras
323 1921 466 1984 junieaonnt.
479 1920 531 1972 ideo
551 1923 626 1971 antem
642 1931 683 1983 per
699 1919 821 1974 lamleeim
841 1926 918 1978 tribas

120 2005 201 2043 omnes
214 1995 293 2054 gentes
310 1990 444 2053 significate
460 1994 527 2054 eunt,
542 1989 595 2054 qnia
609 2001 649 2053 ιιι
662 1988 777 2040 Christum
791 1992 916 2048 duodecim

119 2062 191 2114 nribus
199 2065 252 2113 eunt
264 2064 360 2112 voerta.

152 2133 184 2182 let
197 2130 322 2182 seeundum
335 2130 464 2196 licendum,
480 2131 596 2196 quinem
607 2129 668 2193 geel
679 2131 774 2195 dieitur,
786 2149 802 2182 ιι
812 2147 863 2187 nen
875 2150 914 2190 re·

120 2205 214 2265 sergent
226 2199 293 2264 impii
307 2201 427 2263 injudicio
438 2240 445 2264 ‚
459 2217 474 2250 ι
489 2203 510 2252 si
520 2200 666 2252 reiemtnrml
674 2211 754 2252 omnes
767 2211 913 2270 peecatores,

120 2272 153 2322 ele
169 2271 339 2333 intelligendam
352 2277 388 2324 est
402 2272 462 2335 quon
475 2285 521 2323 oon
534 2274 653 2332 resurgent
670 2271 699 2321 ad
712 2271 756 2322 loe
774 2274 837 2337 qnod
849 2277 915 2340 jndi-

120 2345 183 2394 cent.
195 2341 220 2392 si
232 2342 326 2392 antem'
320 2343 384 2408 ampli
397 2343 500 2394 dieantur
511 2341 628 2402 inlidelee,
641 2341 674 2391 eie
689 2341 866 2424 intelligendam
877 2353 913 2400 est

120 2409 179 2475 qnod
193 2421 239 2462 oon
256 2419 374 2476 resurgent
386 2413 414 2464 ad
429 2414 474 2464 hoe
486 2411 545 2475 qnod
563 2411 701 2490 indicentur,
714 2413 766 2476 qnia
781 2413 833 2476 jann
846 2416 912 2480 inni·

120 2481 166 2532 mli
183 2485 245 2532 suot.
258 2481 303 2534 Sed
314 2493 394 2534 omnes
405 2487 531 2545 resurgent,
545 2480 589 2530 ιιι·
583 2492 607 2529 ιι
615 2479 702 2543 julleio
714 2490 871 2548 eomparennt,
880 2488 910 2539 nal

120 2549 214 2615 gloriam
223 2549 307 2614 judicis
320 2552 460 2604 intuendam.

152 2621 185 2672 ln
204 2622 295 2673 tertiam
316 2621 450 2685 dimensium,
465 2619 525 2686 qnod
544 2620 614 2672 etiem
631 2619 696 2685 poeni
715 2624 768 2672 aule
785 2625 908 2687 perlem

118 2694 209 2743 etatem
222 2691 380 2744 decedentes·
373 2707 398 2743 m
410 2692 493 2756 jndicio
505 2691 681 2756 oenomelum,
694 2703 740 2743 nnn
760 2697 787 2744 nt
794 2695 906 2778 ‘indime-

117 2762 169 2823 tnr‚
181 2761 220 2814 sed
235 2766 260 2811 ut
277 2763 368 2814 aldeam
382 2761 475 2824 gloriam
489 2759 580 2824 juniam
