1970 3326
149 99 183 162 2⁴.
296 107 497 156 snrrnunrnrmr,
513 105 605 168 onnsr.
622 105 693 155 ntur,
709 104 765 144 arr.
783 105 812 142 rr.

148 186 249 250 aliquam
266 183 432 250 providentiam
444 182 471 232 de
485 180 567 232 tuturis
574 217 583 244 ,
594 194 645 245 qne
655 193 723 231 usum
736 181 833 232 rationis
848 183 969 246 requiri

151 261 258 321 respectu
272 255 338 319 cujus
349 253 431 318 triplex
443 253 525 316 gradus
536 255 641 314 notatur,
652 251 776 304 secundum
791 251 970 316 Philosophur

152 329 178 380 ln
192 329 210 380 l.
223 329 310 379 Etlie.
325 326 415 376 Primus
432 327 482 388 esi,
498 323 549 374 olim
567 323 619 388 quis
634 335 709 388 neque
722 324 772 388 ipse
785 322 895 387 iutelligit
928 341 970 390 p<

151 411 196 462 se,
210 411 284 462 neque
294 397 322 446 ab
334 397 379 448 alio
387 409 468 460 capere
477 398 562 459 potest.
572 395 691 445 Secundus
701 397 774 457 slatus
787 398 823 444 est
833 407 878 457 quo
886 395 970 448 hom

151 470 182 522 ab
199 471 245 522 alio
262 478 343 533 capere
361 471 452 534 potest,
463 467 504 519 sed
521 465 571 531 lpse
583 479 624 531 per
634 480 659 520 se
672 479 718 518 uon
734 465 820 518 sulllcit
833 467 862 518 acl
879 475 970 523 cons}

150 539 277 593 derandum
289 543 312 591 et
320 539 503 603 intelligendum.
517 537 607 588 Tertius
620 541 669 601 est,
680 538 732 588 cium
743 539 812 589 horno
825 540 849 589 et
865 538 895 588 ab
922 543 970 594 ali

149 613 200 682 jam
213 623 297 676 capere
312 615 402 676 potest,
418 613 441 662 et
453 623 495 673 per
508 607 610 673 seipsum
624 610 775 661 considerare.
790 610 818 660 nt
833 608 888 674 quia
900 615 970 664 rati

152 681 263 748 paulatim
280 680 305 730 iu
323 679 417 732 humine
440 678 590 740 convalescit,
604 679 728 730 secuudum
743 678 804 744 quid
824 679 970 744 quietantu

153 757 230 804 motus
249 757 273 804 et
291 751 422 802 fluxibilitas
439 753 572 812 humorum,
586 749 638 802 ideo
648 751 746 816 primum
760 754 844 802 statum
859 752 970 806 rationi

152 824 243 876 obtinet
262 825 331 874 homo
350 827 402 874 auto
415 823 513 888 primum
533 823 679 884 septennium
690 840 697 885 ;
710 825 733 873 et
749 825 841 886 propter
854 821 900 873 hoc
927 825 970 876 ill.

152 901 256 960 tempore
271 894 327 944 nulli
343 893 469 946 contractui
481 897 548 959 aptus
559 899 603 957 est,
611 897 634 944 et
646 894 678 945 ita
688 907 730 944 nec
743 892 898 958 sponsalibus.
917 895 970 950 Set

152 969 184 1034 acl
193 967 319 1018 secuudum
330 970 414 1017 statum
428 967 509 1031 incipit
520 965 640 1032 pervenire
652 966 676 1016 iu
690 965 735 1016 fine
748 965 816 1030 primi
828 969 970 1030 septennii

153 1038 214 1090 unde
228 1039 298 1089 etiam
312 1042 369 1088 tunc
382 1037 492 1102 temporis
503 1037 571 1102 pueri
584 1038 613 1088 ad
628 1037 717 1088 scholas
730 1040 856 1102 ponuntur.
869 1037 925 1090 Sed
942 1054 970 1092 at

151 1110 246 1164 tertium
264 1113 347 1160 statum
365 1109 446 1174 incipit
462 1111 531 1161 homo
549 1109 667 1174 pervenire
686 1107 711 1158 in
727 1107 772 1159 tine
790 1107 887 1158 secundi
906 1124 968 1177 sep

151 1181 238 1244 teunii,
253 1179 360 1245 quentin]
375 1181 403 1231 ad
417 1193 443 1232 ea
458 1193 509 1245 que
521 1181 684 1246 ad·personam
695 1179 768 1244 ipsius
782 1177 925 1245 pertinent,
947 1184 970 1234 ir

150 1267 198 1320 quo
212 1253 270 1304 ratio
283 1251 393 1304 naturalis
406 1253 457 1317 ejus
473 1251 620 1316 couvaleseil3
637 1253 677 1303 sed
693 1249 803 1316 quentin
817 1249 846 1300 ati
862 1263 891 1302 ea
908 1267 970 1318 qua

150 1327 217 1376 extra
230 1323 306 1390 ipsum
323 1327 376 1374 sunt
384 1361 393 1388 ,
405 1325 430 1375 in
444 1323 490 1376 ine
509 1323 570 1375 tertii
587 1323 713 1388 septennii.
727 1323 756 1374 Et
768 1322 821 1374 itleo
835 1323 889 1376 ante
908 1327 970 1389 pri.

152 1407 214 1446 mum
231 1395 378 1460 septennium
392 1395 449 1445 uirili
466 1395 591 1447 contractui
604 1395 673 1446 homo
683 1400 752 1459 aptus
763 1398 805 1448 est.
816 1393 861 1444 Sed
876 1393 903 1444 in
916 1397 970 1450 lint

151 1465 220 1530 primi
242 1465 358 1528 septennii
373 1466 454 1530 incipit
473 1479 525 1516 esse
542 1471 609 1529 aptus
624 1466 651 1516 ad
665 1463 918 1532 atiquapromittenrla
947 1469 970 1522 ir

69 1557 71 1560 ·
151 1537 264 1598 tutorum,
272 1535 387 1602 precipue
398 1537 425 1589 de
434 1537 471 1588 lris
481 1537 510 1588 ad
520 1551 572 1602 qne
581 1537 638 1588 ratio
647 1537 757 1588 naturalis
767 1536 862 1588 inclinat
873 1541 970 1606 magist

152 1620 200 1658 non
219 1610 295 1660 nutem
319 1607 348 1658 ad
364 1607 509 1674 obligandum
526 1622 550 1660 se
564 1613 675 1674 perpetuo
691 1607 799 1670 uinculo,
815 1605 870 1672 qnia
884 1593 970 1664 adhuc

153 1691 200 1729 uon
215 1677 303 1729 ttrmam
321 1679 391 1732 habet
408 1679 565 1742 uoluntatem
580 1682 603 1730 et
620 1679 672 1731 ideo
685 1678 725 1730 tali
743 1683 845 1744 tempore
859 1691 969 1744 possunt

153 1749 258 1800 contrahi
271 1750 397 1814 sponsalia.
409 1749 455 1800 Sed
467 1749 492 1800 in
506 1749 551 1802 tine
570 1749 663 1802 secundi
682 1749 797 1816 septennii
813 1749 861 1814 jam
880 1756 968 1814 potest

152 1819 254 1884 obligare
268 1835 292 1872 se
306 1823 334 1871 de
351 1821 389 1870 tris
399 1833 451 1885 quae
464 1821 493 1870 ad
508 1833 628 1888 personam
644 1820 717 1886 ipsius
730 1822 861 1886 pertinent,
874 1824 917 1874 rel
938 1827 968 1878 al

153 1891 302 1956 religionem,
313 1889 352 1941 vel
369 1892 397 1941 ad
415 1891 557 1956 conjugium.
571 1890 616 1942 Sed
632 1896 683 1955 post
703 1892 795 1943 tertium
808 1893 967 1956 septennium

153 1961 223 2014 etiam
236 1965 313 2028 polest
331 1962 360 2012 de
374 1961 425 2012 aliis
440 1974 464 2012 se
484 1960 600 2026 obligar03
614 1965 638 2012 et
651 1961 779 2014 secundnm
793 1963 856 2028 leges
870 1967 967 2018 consti·

152 2032 226 2083 tuitur
243 2033 266 2084 ei
284 2033 428 2098 potestante
443 2033 512 2086 relius
530 2032 577 2084 suis
594 2031 730 2100 disponendi
746 2037 798 2100 post
818 2033 966 2098 vigesimum

153 2105 283 2156 secundnm
295 2115 388 2155 antrum.

187 2175 220 2226 lt
228 2174 326 2238 primum
336 2187 390 2238 ergo
398 2173 527 2239 dicentium,
537 2175 624 2240 quodsi
636 2179 688 2228 aute
699 2188 772 2228 anuos
783 2175 912 2242 pubertatis
921 2179 965 2231 fiat

152 2249 282 2297 contractus
291 2245 438 2310 sponsalilnm
449 2257 489 2310 per
498 2245 648 2308 alium‚ambo
658 2248 694 2300 vel
704 2247 761 2298 atter
771 2248 895 2300 reclamare
905 2265 964 2316 pos·

153 2323 222 2379 suut3
237 2317 297 2368 nude
308 2317 365 2367 nihil
378 2321 433 2368 lunc
447 2321 522 2368 actum
531 2321 575 2382 est,
588 2319 644 2370 adeo
653 2317 714 2384 qnod
724 2331 767 2370 nec
774 2318 848 2383 aliqua
857 2321 964 2376 attinitau

154 2397 185 2440 ex
200 2389 243 2439 ttoc
262 2390 417 2440 contrahatur.
429 2389 458 2439 tlt
474 2389 526 2441 ileo
545 2389 659 2454 sponsalia
674 2405 725 2456 qne
738 2391 799 2444 inter
811 2391 902 2457 aliquos
917 2409 963 2460 per

125 2491 127 2496 -
154 2471 264 2524 personas
280 2459 336 2510 alias
346 2461 516 2523 contrahuntur,
527 2461 595 2512 robur
604 2463 688 2514 habeut
700 2464 843 2528 inquantum
854 2463 963 2520 illiiuter

152 2531 402 2598 prosternebantur,
417 2532 445 2582 ad
456 2536 545 2583 atatem
558 2533 657 2584 debiam
671 2534 805 2598 uenientes,
819 2549 866 2588 uon
879 2539 962 2589 recta·

52 2657 57 2671 ¹
154 2604 231 2666 mant,
247 2613 332 2668 expuo
343 2603 500 2670 intelliguntur
513 2603 642 2657 consentire
655 2606 692 2658 luis
705 2619 755 2673 qun
770 2621 811 2674 per
823 2609 880 2661 alios
895 2609 962 2668 iacta

151 2675 215 2724 mut.

186 2743 220 2794 ld
230 2745 354 2796 secundum
365 2744 494 2810 (licendum,
505 2745 564 2813 qnod
583 2747 675 2813 quidam
689 2749 766 2802 dicunt
775 2749 837 2818 quot
846 2751 885 2804 itte
897 2767 960 2820 puer

154 2813 185 2866 tle
201 2827 246 2882 quo
264 2815 385 2884 Gregorius
403 2821 493 2883 narrat,
505 2831 552 2870 nou
568 2817 612 2870 init
628 2820 762 2886 damnatus,
776 2836 818 2875 nec
832 2826 960 2902 mortaliter
