1976 3306
165 187 210 235 704
305 171 506 222 suracauarrorr,
524 137 706 224 oumsrfxcvrr,
722 173 780 212 aar.
797 173 819 212 r.

164 263 210 315 quo
219 261 296 302 eorum
304 261 396 315 corpora
410 249 580 310 cmciahuntur3
592 246 691 299 secundo
698 281 708 310 ,
719 247 748 298 do
765 247 803 298 iris
824 261 881 312 pua
893 249 958 314 perti·

164 326 220 371 ment
232 321 260 372 aci
275 333 353 374 corum
363 320 468 371 affectum
481 323 505 370 ct
521 319 660 370 intellectum
670 333 679 383 ;
689 317 776 382 ‘tertio,
789 319 821 370 de
837 320 927 383 justitia
936 325 957 370 et

165 391 384 452 misericordiane,
398 393 502 454 respectu
510 391 673 441 damnatorum.

195 463 260 512 Circa
270 461 367 526 primum
380 465 509 524 quartantur
521 463 609 524 septem
620 475 627 510 ι
639 463 666 508 10
675 458 755 510 Utrum
764 459 873 512 damnati
884 463 909 513 ir
921 463 956 512 iu-

165 532 229 583 ferao
249 532 297 584 soit
313 528 381 595 poeua
393 530 452 594 ignis
469 530 606 592 affligantur.
622 531 648 578 20
658 529 737 580 Utrum
756 531 849 582 vermis
865 545 956 594 eorum,

165 603 358 667 confliguntur,
373 601 402 652 eit
413 601 541 666 corporalis.
555 605 581 650 30
589 601 669 650 Utrum
687 601 754 652 fletus
767 599 793 649 iu
806 601 846 652 cis
860 604 957 654 mistem
980 655 981 664 p

164 673 196 723 eit
220 672 351 736 corporalis.
376 675 402 722 40
428 673 508 722 Utrum
534 671 631 724 tenebrae
652 681 731 722 eorum
750 670 798 720 aiut
820 674 955 736 corpor-airu

164 748 192 794 50
200 744 280 795 Utrirm
293 745 354 808 ignis
366 755 412 808 quo
429 742 573 807 affliguntur,
586 742 617 792 sit
636 740 764 806 corporatis.
778 747 815 792 ’60
826 743 912 796 Utrim
931 745 957 794 sit

166 815 270 878 ejusaem
289 814 427 878 specierum
439 813 493 878 igue
507 816 594 864 nostro.
610 817 635 863 ‘1⁰
647 811 724 863 Utrum
738 812 801 875 iguis
818 813 863 866 iiio
878 815 909 866 ait
919 815 956 865 sui

163 889 230 936 terra.

455 991 613 1044 atticotos
632 991 650 1042 1.
670 1026 674 1033 -

193 1115 276 1163 Utrum
292 1115 402 1162 damuati
418 1113 548 1172 interseram
563 1115 614 1160 oola
627 1115 931 1175 poertat'ptta'cufltipantur.

194 1240 227 1291 Ad
240 1239 336 1306 pmmum
348 1239 382 1290 eiu
391 1239 526 1304 proceditur.
536 1239 627 1290 Videtur
639 1238 700 1302 quot
713 1239 816 1290 damuati
828 1241 854 1291 iu
868 1242 954 1295 interro

162 1312 211 1366 coia
230 1309 298 1376 poena
312 1310 371 1374 iguis
388 1309 523 1374 affligantur.
538 1309 594 1368 Quia
613 1310 716 1367 morta..
733 1311 811 1374 XXV,
824 1313 867 1364 ubi
883 1326 953 1364 eorum

163 1382 277 1434 damnatio
285 1380 434 1444 exprimitur,
447 1379 474 1430 flt
486 1380 572 1430 meutio
584 1379 655 1431 colim
669 1380 696 1431 dc
709 1380 771 1444 igne,
784 1381 841 1432 cum
854 1383 951 1433 dicitur:

164 1468 179 1501 u
195 1451 309 1502 Discedite
323 1450 337 1500 a
350 1463 400 1512 me,
417 1448 545 1510 maledicti,
557 1449 581 1498 iu
599 1449 679 1512 iguem
693 1455 814 1500 aternum.
828 1468 845 1501 u

193 1524 218 1570 a.
233 1521 361 1582 Praeterea,
372 1519 430 1569 sicut
439 1529 504 1582 poeoa
515 1518 639 1582 purgatorii
652 1519 745 1570 debetur
752 1525 851 1584 peccato
862 1523 952 1584 venuti,

163 1590 194 1640 iia
208 1603 275 1660 poera
285 1587 478 1659 inferuilciebetur
489 1588 587 1638 mortali.
601 1586 646 1638 Sed
665 1589 690 1638 in
707 1591 843 1652 purgatorio
859 1605 907 1644 nora
922 1594 952 1642 ti·

163 1659 220 1710 citur
235 1672 285 1712 cese
297 1659 341 1709 uisi
355 1665 421 1726 poeoa
435 1657 508 1721 iguis,
518 1661 544 1706 ut
560 1660 623 1720 patet
635 1657 670 1721 (a)
685 1671 726 1724 pcr
738 1660 783 1709 hoc
799 1663 864 1730 puori
878 1661 952 1714 dicitur

162 1730 181 1780 i.
190 1731 262 1786 Cor„
272 1729 302 1780 iii
318 1745 326 1778 :
338 1745 351 1776 u
361 1727 542 1792 Urioscojosque
551 1737 608 1790 opus
617 1728 682 1791 quate
689 1729 736 1791 sit,
747 1729 809 1792 iguis
816 1733 951 1795 probabit.»

115 1839 128 1858 ,
162 1800 220 1862 Ergo
234 1811 276 1850 rec
289 1800 314 1849 iu
327 1799 415 1848 interno
427 1797 470 1847 erit
482 1795 527 1846 nisi
539 1809 605 1860 pcata
621 1797 690 1862 ignis.

195 1871 216 1918 ³.
235 1871 347 1919 Praeterea
358 1904 365 1928 ‚
378 1879 495 1930 poeuarum
510 1869 605 1917 uarietas
615 1867 755 1930 refrigerium
768 1875 880 1935 preston
899 1874 952 1923 sicut

163 1938 213 1989 cim
227 1939 255 1990 de
264 1938 336 1988 calido
351 1937 483 1988 transfertur
497 1937 548 1999 quie
561 1937 589 1987 aci
600 1936 715 2002 frigidum.
730 1939 776 1990 Sed
788 1943 880 1992 molium
894 1943 952 1994 rear

163 2009 249 2078 geriem
260 2011 293 2061 est
306 2021 389 2072 ponere
399 2010 423 2058 in
432 2005 551 2060 damnetis.
561 2007 620 2071 Ergo
630 2019 675 2060 noo
689 2013 756 2059 eruut
764 2009 864 2064 diversae
875 2023 950 2076 punc,

163 2079 203 2129 sed
221 2079 268 2129 sola
280 2090 347 2142 pcerra
360 2078 426 2140 ipris.

194 2150 241 2200 secl
252 2154 329 2201 contra
340 2153 382 2210 ost,
395 2150 453 2211 quot
470 2148 551 2201 dicitur
564 2148 589 2199 iu
606 2148 731 2200 Prolati(
744 2163 751 2197 a
766 2163 780 2198 u
794 2151 892 2214 tssm'mot
904 2152 953 2200 eui·

162 2221 220 2283 pitur
234 2223 256 2270 ct
267 2220 359 2283 spiritus
369 2218 514 2280 procellarum
527 2231 580 2282 pars
593 2219 670 2269 calicis
683 2229 770 2269 eorum.
782 2234 798 2266 u

192 2289 320 2349 Preterea,
331 2289 389 2344 Joo,
400 2289 468 2339 iiiiii
489 2305 495 2339 :
516 2305 530 2336 u
548 2289 582 2339 aa
594 2288 688 2339 nimium
704 2288 802 2340 calorem
813 2294 916 2343 trauseat
928 2291 953 2340 ai

163 2358 228 2422 aquis
246 2357 366 2408 nivium.»

195 2427 356 2491 (Gouccuero.
370 2454 400 2464 -
413 2428 475 2480 Sicut
487 2441 528 2492 per
540 2429 611 2480 multa
623 2427 718 2479 etruria
730 2427 830 2482 camneti
843 2443 953 2494 peoearc·

162 2501 228 2559 runt,
246 2497 278 2548 ita
294 2499 432 2550 couveniens
452 2504 488 2550 est
505 2503 529 2550 ut
548 2499 702 2566 multipliciter
721 2501 787 2550 etex
801 2500 883 2550 multis
893 2499 952 2550 ainr-

162 2570 270 2633 gantur.)

195 2727 227 2789 (t)
244 2733 312 2776 turta
326 2731 537 2788 interpretationem
551 2737 681 2777 sauctorum
691 2734 797 2788 Petrum,
809 2731 849 2786 qui
858 2731 890 2776 dc
902 2744 953 2788 pur·

161 2792 254 2844 potorio
274 2793 309 2836 vei
325 2793 482 2838 emendatorio
496 2793 547 2847 igne
562 2792 584 2837 id
600 2792 743 2850 intelligunt,
758 2796 784 2836 ut
797 2804 828 2836 ex
847 2793 952 2850 proiemo

160 2851 259 2898 relatum
268 2859 321 2912 ert,
335 2853 387 2900 cim
400 2853 428 2898 tie
442 2851 569 2908 Purgatorti
583 2852 635 2898 ioco
649 2861 673 2899 et
684 2855 776 2900 ueritate
790 2859 906 2911 ageretur.
