1998 3326
270 183 303 220 uu
319 181 483 220 inrupturum
498 180 609 221 uenenis.
808 170 839 221 tl

34 267 77 314 trem
84 300 93 326 ,
103 263 240 313 excusatur
250 259 263 310 t
274 263 338 319 toto,
349 256 449 308 attinnt
458 257 532 310 debita
544 255 739 319 diligentissume
748 258 839 319 oportet

33 335 84 398 quod
98 347 168 385 error
183 332 227 396 qui
243 328 412 380 matrimonium
426 328 576 392 impedit,sit
589 327 686 392 alicujus
697 339 775 378 eorum
788 339 838 390 qun

34 413 78 458 suut
91 408 123 458 de
142 404 251 456 essentia
267 400 417 452 matrimonii.
428 402 476 452 Duo
487 403 566 451 autem
585 399 680 450 includit
694 399 769 462 ipsum
787 409 839 448 ma·

34 479 183 540 timonium,
197 474 288 526 scilicet
300 486 410 538 personas
419 474 475 526 duas
489 487 542 534 que
554 471 737 538 conjurguntur,
749 473 774 522 ut
789 481 841 520 utre

34 553 88 598 tuam
103 551 252 612 potestatem
266 546 292 596 in
310 545 417 606 inuicem,
429 547 453 598 in
469 559 514 610 qua
531 543 700 596 matrimonium
724 542 839 596 consistit.

35 619 137 668 anum
157 623 239 669 autem
258 618 345 668 tollitur
363 629 404 680 per
415 630 515 672 errorem
532 631 649 682 personam
664 617 787 667 secundum
801 628 842 679 per

36 704 133 741 errorem
154 689 312 750 conditionis,
327 688 380 752 quie
397 702 476 740 seruus
492 701 539 740 nou
558 693 634 754 potest
650 692 787 752 potestatem
804 685 841 738 sui

37 763 137 825 corporis
151 761 222 811 alteri
240 761 329 810 tradere
345 760 395 812 siue
411 773 524 812 consensu
537 761 573 815 sui
586 759 680 811 domini.
701 761 730 808 ut
750 761 841 823 propter

19 883 20 900 ,
36 833 73 884 luno
86 834 114 883 hi
124 835 174 884 duo
185 846 274 887 errores
285 832 454 884 matrimonium
469 833 609 896 impertiunt,
621 835 644 882 et
655 845 700 881 nou
713 831 759 880 alil.

19 921 20 940 r
63 906 98 956 ltrl
112 906 218 970 primum
240 917 295 967 ergo
313 903 446 964 dicendum,
465 905 525 968 quid
539 919 600 956 emor
616 917 662 954 uon
677 904 746 954 habat
759 915 788 952 ex
802 913 843 951 na·

37 982 83 1026 tura
95 976 197 1038 generis
209 975 272 1039 quod
283 975 394 1040 impediat
407 976 585 1038 matrimonium,
596 977 635 1027 sed
647 980 761 1025 exuatnra
776 973 843 1024 ultre

39 1048 117 1098 recline
135 1049 270 1111 adjuncta,
281 1049 348 1110 prout
365 1046 451 1096 seilicet
462 1051 497 1097 est
513 1059 576 1098 error
588 1048 685 1111 alicujus
702 1059 778 1097 eorum
794 1057 845 1110 que

41 1123 91 1169 sunt
106 1119 138 1170 de
148 1118 253 1170 essentia
265 1116 412 1168 matrimonii.

66 1191 100 1240 td
111 1190 243 1242 secundum
255 1189 383 1252 diceurlnm,
395 1189 454 1253 quod
469 1203 531 1240 error
543 1189 595 1239 ltrlei
607 1189 636 1238 rle
651 1187 794 1238 matrimonio
808 1189 845 1237 est

40 1261 95 1310 eirea
112 1273 142 1312 ea
152 1273 208 1321 que
218 1263 274 1310 sunt
287 1259 455 1310 matrimonium
470 1259 640 1323 consequentia,
655 1259 715 1308 sieut
726 1270 754 1307 an
769 1257 798 1307 sit
809 1269 845 1308 sa·

40 1336 194 1391 uramentum,
205 1331 243 1381 uel
256 1344 285 1380 au
299 1332 330 1380 sit
350 1330 445 1380 licitum.
460 1332 488 1380 Et
505 1332 557 1381 idco
577 1343 640 1380 error
655 1329 707 1379 talis
722 1327 842 1378 matrimoss

41 1402 102 1452 nium
121 1415 172 1452 uun
186 1402 299 1466 impedit,
313 1401 371 1452 sicut
384 1415 427 1452 nec
440 1415 502 1452 errcr
516 1401 575 1451 circa
597 1399 736 1464 baptismum
750 1397 849 1462 impedit

42 1474 203 1538 acceptionem
220 1473 373 1534 characteris,
387 1473 508 1524 dummodo
522 1473 626 1524 intendat
641 1470 716 1521 lacere
734 1469 771 1520 nel
788 1467 849 1520 reei-

42 1557 92 1606 pere
105 1545 172 1607 quod
193 1543 294 1594 Ecclesia
309 1544 361 1606 dat,
374 1544 478 1606 quamvis
489 1545 565 1594 credat
577 1543 633 1594 uilril
647 1557 708 1595 esse.

71 1615 107 1664 lid
134 1613 230 1663 tertium
251 1613 387 1675 licendum,
402 1613 462 1677 qu'orl
481 1628 527 1665 non
546 1616 653 1678 quaelibet
671 1615 845 1668 circumstantie

43 1684 174 1747 ignorantia
188 1689 267 1734 causat
284 1684 485 1734 involuntarium
498 1687 558 1748 quod
575 1690 806 1750 exeusatpercatum‚
821 1692 847 1738 ut

44 1755 129 1806 lictum
138 1760 186 1806 est.
198 1758 227 1804 Et
239 1759 332 1819 propter
343 1757 386 1805 lane
399 1754 457 1806 ratio
472 1769 517 1806 uon
526 1756 638 1818 seqnitur.

72 1826 375 1889 loquacissimorum,
390 1826 448 1890 qulal
465 1827 584 1876 diversitas
599 1827 697 1878 fortune
713 1841 759 1878 nou
775 1829 848 1880 variet

46 1897 132 1961 aliquid
151 1911 298 1960 eorumquae
316 1901 369 1945 suut
387 1897 414 1946 de
430 1898 527 1947 essentia
542 1897 694 1956 matrimonii,
712 1913 753 1950 nec
769 1899 847 1950 rlirerr

47 1968 101 2018 sitas
117 1967 250 2030 qualitatis,
266 1967 327 2016 sicut
346 1967 399 2016 lucit
415 1967 515 2019 conditio
532 1967 657 2019 seruitutis.
675 1971 701 2018 Et
719 1971 770 2020 irleo
787 1971 850 2021 ratio

49 2051 92 2090 uon
108 2039 222 2102 sequeitur.

78 2111 113 2160 nd
129 2110 235 2172 quintum
253 2109 381 2170 dicendum,
399 2109 458 2173 qunti
476 2123 537 2160 error
553 2109 686 2174 nobilitatis,
698 2111 720 2160 iu
736 2115 849 2174 quantum¹

49 2181 194 2245 hujusmodi,
211 2195 258 2230 nnn
280 2186 374 2232 evacuat
396 2181 579 2242 matrimonium,
597 2183 676 2232 eadem
694 2183 781 2232 ratione
803 2194 847 2244 qua

49 2267 90 2304 uec
104 2266 168 2304 error
180 2252 304 2317 qualitatis.
319 2253 362 2302 Serl
380 2253 399 2302 si
413 2253 609 2318 erroruobilitatls
626 2255 661 2302 rel
677 2252 794 2314 dignitatis
807 2263 850 2301 re·

50 2326 136 2376 lurdat
147 2325 171 2373 in
179 2337 276 2376 errorem
289 2333 402 2386 personae,
410 2327 464 2374 turre
472 2324 567 2388 impedit
579 2323 757 2374 matrimonium.
774 2323 850 2387 llnrle,¹

50 2397 67 2446 si
80 2409 208 2448 consensus
218 2395 321 2444 mulieris
334 2395 418 2446 seratur
430 2395 453 2444 in
465 2395 533 2444 islam
546 2408 665 2457 porsonam
676 2392 776 2453 directe,
787 2408 857 2445 error·

51 2466 178 2518 nobilitatis
189 2466 263 2530 ipsius
277 2479 324 2516 uon
335 2465 429 2529 impedit
443 2466 626 2528 matrimonium
644 2465 663 2514 si
674 2467 750 2514 autern
763 2464 855 2515 directe·

52 2537 150 2589 intendit
162 2537 294 2588 consentire
312 2537 336 2586 in
349 2537 423 2586 lilium
439 2537 514 2599 regis,
526 2537 661 2600 quicumque
678 2535 709 2584 sit
722 2533 773 2599 ille,
794 2540 857 2585 tunc

53 2609 72 2660 ti
90 2609 149 2659 alius
162 2612 315 2672 presentetur
330 2607 352 2657 ei
367 2605 435 2670 quarn
449 2607 510 2658 lilius
522 2607 597 2671 regis,
609 2609 645 2656 est
658 2617 720 2655 error
732 2619 834 2668 personae
840 2603 853 2668 ,'

54 2683 76 2730 et
87 2679 226 2743 impedietur
244 2677 421 2728 matrimonium.

82 2752 115 2802 td
124 2754 215 2802 sextum
225 2749 357 2811 dicendum,
369 2749 428 2812 quiul
442 2759 504 2800 error
513 2748 582 2800 etiem
595 2747 690 2798 aliorum
701 2745 852 2808 impurlirnen-¹

54 2825 123 2872 lorum
138 2821 295 2879 matrimonii,
305 2819 450 2883 quantumst
462 2833 489 2871 ea
505 2833 554 2882 quae
574 2818 660 2868 lariuut
676 2829 782 2880 personas
799 2816 851 2866 ille·

53 2891 272 2959 ritumtmpeoit
291 2891 468 2944 matrimonium.
489 2891 533 2942 Sed
548 2889 605 2941 ideo·
618 2889 647 2940 tle
666 2899 741 2940 errore
757 2887 861 2936 illorum.
