1922 3332
199 101 204 129 l

208 173 239 212 un
257 171 334 210 aromo
350 169 405 216 oum
424 169 538 210 nunccius
551 167 707 210 reaumaus.
812 157 857 208 tlt

304 405 305 408 ,
339 355 500 408 dllllcULus
515 357 554 408 lll.

50 483 144 530 Uir-itm
156 483 259 528 virtutes
272 481 384 528 colorum
399 481 502 527 Domino
515 481 623 526 veuieme
637 464 861 554 commovebuntur&

78 611 116 662 lld
135 610 232 662 tentiam
245 609 279 660 sic
291 590 428 674 metuitur.
444 609 537 660 Videtur
555 608 616 672 quod
631 607 729 659 uirtutes
749 609 860 660 onmium

44 681 149 734 llomino
162 681 269 732 veniente
279 693 327 732 non
336 680 550 730 commovebuntur.
564 680 665 730 Virtutes
674 680 734 729 enirn
751 681 859 731 caelorum

45 754 93 805 dici
113 765 165 804 non
180 757 278 818 possunt
296 752 342 802 nisi
360 751 436 816 angeli
446 751 516 802 beati.
530 751 575 802 Sed
590 749 762 802 inmutabilitas
779 755 818 802 est
830 751 859 802 de

43 826 138 876 ratione
156 823 315 876 beatitudinis.
330 824 390 888 Ergo
404 822 491 874 moveri
510 835 558 872 non
571 825 692 886 poterunt.

77 901 105 945 ε.
121 897 249 958 Preterea,
259 895 415 946 admirationis
425 907 494 944 causa
503 898 539 944 est
548 893 719 957 ignorantiam
729 896 793 957 putet
804 893 828 942 in
838 895 858 944 l.

45 967 198 1032 Metuplryr.
206 967 251 1018 Sed
259 967 320 1018 sicud
332 967 360 1018 ab
371 965 459 1031 angelis
468 965 536 1028 longe
545 966 610 1016 abest
620 965 695 1028 timon,
706 964 740 1014 ita
754 968 778 1015 et
790 963 860 1027 lano-

45 1039 133 1098 ranlia,
147 1038 211 1104 qnia,
227 1042 253 1088 nt
263 1039 321 1088 dicit
332 1037 465 1100 (decorius,
480 1035 521 1088 lib.
531 1037 570 1085 lll.
587 1035 689 1099 Diatop.
702 1036 780 1098 (mxl.
791 1039 821 1085 de
833 1035 857 1098 l:

46 1111 135 1169 «Quid
152 1114 190 1160 est
207 1111 267 1174 qnod
285 1121 331 1160 non
349 1109 444 1169 uident,
459 1109 498 1174 qni
513 1108 630 1159 ridentem
643 1107 721 1157 omnia
735 1105 858 1158 uidenti»

46 1182 110 1242 lingo
132 1195 183 1232 non
202 1183 310 1244 poterunt
330 1191 372 1244 pen
388 1179 559 1231 admirationem
576 1177 664 1228 moueri
673 1213 681 1240 ‚
695 1181 722 1228 ut
741 1179 771 1228 in·
784 1178 860 1230 littera

45 1251 134 1302 dicitur
151 1251 207 1316 (lli.
226 1253 349 1307 sentent»,
371 1250 424 1302 dist.
438 1251 478 1313 l).

79 1329 105 1374 a.
121 1325 252 1386 proterea,
265 1335 346 1374 omnes
362 1323 437 1388 angeli
452 1322 530 1373 divino
545 1321 634 1384 iudicio
646 1318 785 1382 adstabante
798 1321 859 1373 unde

46 1394 168 1460 Aperui„
186 1394 334 1457 llll,dicitur
351 1409 358 1444 a
376 1410 389 1441 u
406 1395 491 1444 Omnes
510 1389 586 1458 angeli
603 1391 695 1442 stabant
716 1391 741 1440 in
760 1390 859 1443 circuitu

46 1467 138 1517 throni,
151 1483 164 1512 rr
179 1466 224 1516 Sed
240 1466 353 1515 Virtutes
363 1465 483 1515 nominant
493 1477 564 1514 unum
581 1461 704 1527 specialem
716 1463 821 1514 ordinem
834 1462 859 1513 in

48 1539 151 1602 angelis.
166 1537 225 1602 linge
238 1549 285 1590 non
298 1535 377 1601 pollis
387 1537 416 1589 de
428 1537 461 1588 eis
471 1535 519 1587 diei
529 1535 609 1588 deluit
619 1533 682 1599 qued
693 1535 855 1600 movebuntur,

48 1610 118 1673 quarn
134 1610 164 1660 dc
179 1607 338 1672 allisungelis.
376 1639 377 1644 κ

79 1683 128 1733 Sed
148 1684 295 1741 contracti,
319 1679 379 1744 quod
403 1679 487 1730 dicitur
509 1679 569 1735 dod,
585 1679 658 1730 llllVl
681 1693 718 1728 :u
740 1678 858 1728 Columnae

48 1754 102 1804 caeli
117 1752 310 1813 contremiscunt,
322 1755 347 1802 et
358 1753 445 1816 parent
457 1751 486 1800 ad
497 1753 579 1800 nulum
593 1749 654 1812 ejns.
663 1765 677 1797 u
687 1749 857 1817 sedpulcnns
949 1743 951 1749 ⁴

48 1826 101 1876 omli
116 1838 165 1876 non
183 1828 281 1890 possunt
298 1823 395 1888 intelligi
413 1823 459 1874 nisi
471 1821 574 1874 ll'utules
593 1822 710 1873 culorum.
726 1817 786 1886 lingo
802 1819 857 1870 llin-

51 1899 112 1948 tutes
127 1896 236 1946 caelorum
250 1895 462 1947 commonebuntur.

82 1968 217 2029 Praeterea,
228 1967 330 2021 Molli„
343 1969 426 2029 lllllll,
437 1967 536 2018 dicitur:
550 1981 564 2014 n
574 1965 649 2018 Stude
656 1965 739 2016 cadent
749 1964 779 2016 de
789 1962 855 2027 caelo,

50 2041 74 2088 el
83 2038 307 2089 Virtutes'ooelorum
321 2039 533 2090 commovebuntur.
546 2055 560 2086 o

82 2111 334 2176 (conamine-Siue
350 2113 463 2160 Virtutes
476 2109 617 2174 accipiantur
637 2121 680 2174 pro
694 2107 798 2158 omnibus
810 2097 862 2158 cce-¹

52 2182 148 2233 lectibus
160 2181 294 2246 spiritibus,
308 2183 359 2234 sive
371 2194 413 2248 pro
429 2183 520 2248 proprio
536 2182 629 2232 numine
643 2179 744 2239 ordinis,
759 2177 856 2228 domim

52 2255 178 2316 veniente,
189 2257 283 2318 propter
295 2255 328 2305 rei
339 2255 465 2304 nontatem
479 2261 503 2304 et
514 2253 661 2318 splendorem
677 2249 853 2312 movebuntur.)

82 2325 221 2389 llespondeo
238 2325 376 2385 dicendum,
391 2323 452 2388 quod
468 2327 585 2375 Virtutes
601 2324 627 2374 iu
647 2323 735 2386 augelis
750 2321 856 2372 dicuntur

52 2396 185 2461 dupliciter,
204 2399 230 2446 ut
244 2399 310 2460 putat
320 2407 360 2462 pec
374 2396 526 2462 dionysium,
541 2398 561 2446 l.
580 2407 630 2459 cap.
646 2392 708 2445 Coel.
728 2390 853 2442 iteraret.

52 2468 194 2532 Quandoque
209 2466 270 2520 enim
286 2482 369 2520 nomen
389 2469 524 2520 Virtutum
542 2469 583 2518 nni
599 2463 676 2518 ordini
688 2463 855 2530 appropriatur,

53 2540 91 2602 qui
105 2539 315 2604 recunddmipsucn
325 2544 359 2591 est
368 2541 457 2591 medius
472 2540 553 2592 medie
564 2537 716 2598 nlsnrcnle3
730 2535 855 2587 seeundim

53 2611 107 2662 uero
119 2610 254 2675 Gregorium
267 2611 365 2679 (Homil.
383 2613 483 2663 lllllllV.
500 2615 528 2660 iu
541 2613 637 2674 Euunp.
649 2609 669 2673 ),
684 2612 719 2660 est
733 2621 854 2672 supremus

55 2678 137 2734 inflmae
147 2681 289 2734 hierarchia.
301 2683 350 2734 llio
361 2685 428 2736 modo
438 2683 551 2747 accipitur
559 2680 710 2732 communiter
719 2693 760 2744 pro
778 2680 853 2730 omui-

56 2751 97 2803 huu
113 2753 245 2806 caelestibus
261 2753 393 2820 spiritibus3
409 2760 432 2807 et
448 2759 545 2819 uinoque
562 2754 629 2804 modo
646 2755 722 2817 potest
742 2751 815 2816 accipi
829 2750 854 2802 ln

55 2827 179 2890 proposito.
193 2827 219 2876 ln
229 2827 304 2877 littera
313 2827 374 2878 enim
386 2829 434 2893 (lv.
446 2829 571 2888 sentent.)
580 2824 700 2890 exponitur
713 2825 782 2888 prout
795 2822 854 2874 acci-

57 2896 114 2959 pltur
128 2898 231 2951 secundo
241 2897 320 2962 modo,
336 2899 423 2953 scilicet
433 2912 475 2964 pro
484 2895 701 2960 omnibusansselis:
717 2897 740 2944 el
752 2896 808 2944 tunc
819 2892 854 2943 di·
901 2945 905 2956 ,
