1976 3306
159 134 189 171 DE
204 133 389 174 voo'ttttttatt‘nn
404 131 547 174 INTELLBCTU
563 134 736 173 ntuuttonttnt.
795 129 840 180 719

28 209 129 260 anima
142 213 221 274 peceat
231 213 255 262 et
266 209 291 261 in
308 221 413 274 corpore,
424 209 449 260 io
465 211 560 274 utroque
573 208 687 274 punietur.
703 209 752 260 Non
766 215 841 260 auten

28 282 144 344 oportet
159 279 220 344 quid
235 280 259 330 in
277 291 322 344 qao
335 279 386 332 loeo
402 277 454 342 quis
466 278 584 343 peccavit,
598 279 622 328 io
635 279 712 329 eodem
726 279 841 342 poniator;

30 351 104 400 eiam
124 349 183 400 atius
197 349 303 402 sitiones
323 350 362 414 qni
379 349 503 401 viatoribus
521 353 545 400 ot
558 349 669 400 damnatis
684 349 784 402 debetur.
800 349 841 402 Vei

28 419 171 472 dicendum
185 419 244 484 outo
257 421 301 472 hoe
310 419 443 484 intelligitur
452 419 479 471 de
493 420 568 484 poenis
579 419 661 482 quibos
670 419 738 470 homo
750 418 841 483 ponitur

27 491 61 540 in
81 489 347 556 vis,seoootii1naqot›t
366 490 473 554 qualibet
490 489 556 556 eulpa
574 501 637 539 suam
660 501 749 553 posnam
772 489 840 543 habet

28 572 162 610 annexam
171 564 253 624 ,prout
266 560 385 624 aquisqtn
394 561 536 610 inordinatos
547 560 635 610 animos
643 559 685 610 sihi
694 562 730 611 est
743 571 839 622 poeno»

27 635 64 682 ut
81 631 144 682 dicit
160 629 315 694 tngostinos,
334 631 374 680 tib.
390 631 408 680 t.
421 629 541 693 Consano,
559 643 609 693 sap.
620 633 659 680 tt.

214 971 359 1044 QUAESTIO
377 971 479 1038 xovssi
498 971 562 1039 viti
580 970 672 1042 xcix,

107 1115 143 1160 De
155 1113 277 1158 volontate
289 1117 311 1158 et
323 1111 447 1158 intellectae
460 1112 643 1163 damnatorum.
653 1115 682 1159 tn
695 1125 781 1162 nonem

332 1182 449 1230 articulos
462 1184 551 1230 diviso.

69 1333 244 1396 consequenter
258 1329 446 1384 considerantum
461 1333 495 1382 est
508 1331 536 1382 de
549 1330 715 1395 pertinentibus
727 1333 755 1382 ao
766 1331 836 1386 affee-

32 1405 91 1453 tnm
109 1405 134 1454 et
144 1401 285 1452 intellectam
301 1401 463 1453 damnatorum.

68 1474 139 1526 Cinea
157 1473 216 1536 qood
229 1473 357 1535 queruntur
373 1481 455 1522 novena
473 1486 478 1518 :
496 1474 524 1520 1⁰
539 1469 618 1522 Utinm
638 1471 713 1522 ononis
731 1473 836 1526 voiinws

32 1545 198 1596 damnatorum
211 1540 240 1594 sit
250 1539 316 1592 mata.
330 1545 358 1590 2⁰
367 1539 444 1591 Uinios
460 1539 579 1604 aliquanto
590 1540 716 1604 poeniteant
727 1541 755 1594 de
768 1543 835 1596 matis

32 1628 92 1677 quae
110 1611 352 1664 resmissionem
368 1610 440 1676 inagis
459 1611 544 1662 velient
561 1622 608 1662 ooo
621 1624 672 1662 esse
685 1611 753 1676 qnam
771 1625 831 1666 esse.

34 1689 66 1734 4⁰
75 1683 159 1734 Utntom
172 1683 258 1735 velient
271 1681 328 1734 alios
338 1693 388 1733 esse
397 1681 523 1732 damnatos.
534 1685 560 1730 50
570 1679 649 1732 titiam
660 1681 724 1746 impii
736 1683 834 1734 habeant

34 1756 114 1806 Deum
131 1753 192 1806 odio.
205 1759 232 1803 60
249 1751 327 1804 Utinm
340 1751 385 1816 ipsi
403 1751 514 1803 demereri
527 1753 626 1816 possint.
644 1755 672 1801 '2⁰
684 1751 764 1804 Utrian
777 1765 831 1819 pos·

35 1827 89 1877 sint
108 1823 143 1874 oti
156 1823 253 1874 soientit
266 1821 305 1873 hta
318 1820 436 1885 acquisita.
457 1824 482 1870 8⁰
499 1822 578 1874 Utrim
597 1822 695 1887 cogitent
710 1823 833 1890 aliquanto

34 1898 67 1948 tie
82 1898 142 1945 Deo.
157 1898 184 1944 90
197 1893 274 1945 titatin
288 1893 332 1958 ipsi
351 1893 445 1945 videant
457 1891 550 1956 gloriam
563 1893 687 1944 beatorum.

337 2069 496 2124 tantotiens
506 2071 532 2120 i.

147 2195 231 2240 tttra'tm
240 2195 316 2239 omnis
324 2193 433 2239 volontas
441 2193 610 2238 damnatorem
619 2193 651 2236 stt
659 2195 734 2240 mata.

71 2323 107 2374 tto
119 2317 257 2386 prinomsie
265 2315 398 2380 proceditur.
406 2314 501 2366 vitetur
512 2315 574 2378 qood
587 2326 633 2367 oon
644 2314 718 2367 omnis
726 2314 832 2370 volontas

37 2393 196 2444 damnatorum
214 2387 245 2438 sit
259 2385 325 2436 maia.
340 2382 413 2444 Quia,
427 2387 453 2434 ot
465 2381 520 2438 dioit
534 2383 673 2449 Dionysius,
687 2397 741 2450 oap.
754 2388 780 2438 t.
795 2386 832 2436 De

38 2462 128 2512 Dinia.
145 2458 257 2514 Nomia..
276 2455 414 2508 odaenooes
431 2453 516 2506 bonon
538 2457 562 2506 et
584 2453 693 2518 optinum
711 2455 831 2520 ooneopis·

39 2537 110 2592 sunt3
123 2529 219 2581 scilicet
228 2539 287 2590 esse,
297 2525 376 2578 nivere
387 2530 411 2576 et
422 2523 582 2588 intelligere.»
596 2523 656 2576 ctam
664 2535 718 2590 enge
731 2525 832 2580 damnati

36 2603 144 2656 honines
157 2612 202 2651 noo
215 2598 261 2650 sint
276 2595 361 2662 pejoris
371 2593 507 2647 conditionis
517 2592 583 2660 quim
598 2594 727 2658 demones,
740 2596 831 2648 videtur

37 2673 100 2738 qood
113 2674 136 2723 et
151 2669 196 2734 ipsi
205 2669 287 2719 bonan
303 2666 442 2718 volontatem
457 2663 541 2714 habene
553 2663 650 2726 possint.

69 2747 94 2793 2.
110 2743 220 2793 Praeterea
230 2777 238 2800 ‚
250 2736 364 2796 matum,
376 2739 403 2786 ut
415 2735 470 2786 dicit
482 2733 603 2798 Dionysius
619 2733 742 2799 (ibidem)
763 2750 778 2782 o
794 2741 830 2787 ast

41 2814 134 2866 omnino
155 2807 338 2866 involuntarium.
357 2821 372 2862 a
389 2806 460 2871 Ergo,
475 2804 497 2859 si
516 2804 616 2859 damnati
627 2803 716 2876 ,aliquid
733 2805 828 2870 vetunt,
