1998 3326
149 137 182 185 88
315 143 518 194 surrentinum,
531 145 625 192 onerer.
642 147 689 197 cu,
705 147 760 185 nur.
776 148 794 185 ι.

148 235 196 274 uon
209 221 265 273 iecit
276 219 424 282 mentionem,
435 221 488 284 quia
501 221 540 272 iila
554 221 683 286 impediunt
697 222 886 284 matrimonium,
902 222 955 274 nive

147 305 200 344 cum
215 305 290 344 errore
304 290 366 352 sint,
378 291 427 340 eive
436 291 487 341 siue
498 303 589 352 errore,
605 297 631 343 nt
644 294 662 343 ei
675 293 750 357 aliqua
763 293 882 344 contrahat
897 305 953 343 cum

148 363 296 422 subdiacono,
314 361 364 411 sire
383 361 456 423 sciat,
470 361 520 414 aire
533 364 621 414 nesciat
632 400 640 425 ,
652 377 698 415 non
719 367 755 414 est
769 363 952 414 matrimonium.

147 435 194 485 Sed
210 434 310 485 conditio
329 432 445 484 seruitutis
459 447 506 486 nou
520 434 630 500 impedit,
645 435 665 486 si
681 436 781 487 servitus
800 435 887 486 sciatur
904 435 953 500 (ut

147 504 235 569 patebit
250 517 299 568 seq.
312 507 392 568 quaet.
402 503 419 568 ).
435 505 464 554 ιιι
475 505 526 556 ideo
545 519 593 558 non
610 510 646 557 est
659 507 743 557 simile.

180 575 214 626 dd
232 575 355 640 septimum
370 575 507 639 dicandum,
520 577 581 641 qndd
596 577 692 641 pecunia
706 577 730 627 in
745 577 899 629 contractibus
913 589 953 628 ao-

146 645 231 711 cipitur
246 647 311 710 quasi
329 659 437 697 mensura
456 648 551 698 aliarum
566 661 651 710 rerum,
665 654 691 700 ut
703 653 767 714 patet
782 649 806 700 in
820 649 850 698 V.
861 649 951 699 orote.

148 719 212 781 (cap.
223 717 258 780 8),
271 722 294 768 et
303 731 349 768 non
360 717 427 782 quasi
435 723 527 783 propter
536 733 560 770 se
572 721 676 792 quesita.
685 721 714 771 itt
723 721 812 785 ideo,si
823 733 872 770 non
883 722 952 771 detur

148 787 188 837 illa
199 788 295 851 pecunia
318 801 369 852 que
388 790 498 850 creditur,
513 792 553 841 sed
572 791 616 840 alia
633 792 788 855 equitatem,
803 791 861 841 nihil
882 792 950 842 obest

147 858 283 908 contractui.
298 858 342 910 Sed
355 858 374 910 εἰ
388 859 448 910 ἰιιιε
459 861 556 923 quesita
572 861 703 925 propterca
716 865 780 913 εεεει
789 873 859 926 ειιει,
874 861 951 926 impe·

147 927 233 978 ditetur
244 931 385 994 contractus,
400 931 460 980 siout
471 931 491 981 ni
505 930 573 981 alicui
587 933 722 983 tenderetur
736 933 814 984 asinus
824 943 867 997 pro
878 945 951 997 equo.

149 999 179 1050 m
193 999 298 1051 similiter
310 1005 346 1051 εει
360 1001 386 1050 in
396 1003 522 1065 proposito.

178 1069 216 1120 Ad
232 1075 337 1120 octavum
351 1072 489 1134 dicendum,
506 1074 567 1138 qnod
587 1077 795 1138 quantumcumque
812 1074 882 1124 tuerit
898 1086 952 1124 cum

145 1152 188 1202 aa,
198 1139 243 1190 nisi
259 1141 287 1192 de
302 1155 362 1193 noro
372 1143 504 1194 consentire
517 1145 572 1195 uelit
579 1179 587 1207 ,
602 1157 648 1196 nou
659 1149 696 1196 εει
708 1145 888 1196 matrimonium.

146 1247 150 1252 =
179 1212 213 1262 nd
226 1225 312 1262 nonum
321 1214 450 1275 dicendum,
464 1215 525 1277 quod
538 1215 559 1265 si
571 1219 624 1266 ante
638 1229 684 1268 nou
700 1221 846 1267 mnaeneerat
859 1215 886 1265 in
899 1216 951 1266 ira-

147 1283 363 1346 rennuendum
376 1299 429 1336 eum
438 1298 507 1348 quem
518 1299 560 1349 per
573 1299 672 1338 errorem
683 1287 769 1351 accepit
779 1287 891 1347 retinere,
906 1299 950 1338 nec

148 1357 227 1417 poten
241 1354 270 1404 ad
282 1355 374 1406 tratrem
385 1355 436 1418 ejus
450 1356 537 1417 redire,
552 1355 668 1420 precipue
679 1357 700 1408 si
717 1357 748 1408 eit
760 1357 851 1421 coguita
866 1371 954 1409 carna-

147 1425 201 1476 liter
217 1425 246 1474 ab
260 1437 288 1476 eo
308 1439 376 1488 quem
395 1425 491 1490 accepit.
506 1426 530 1475 Si
547 1430 624 1476 autem
643 1431 790 1480 consenserat
804 1427 830 1477 in
849 1430 951 1494 primum

146 1508 189 1560 per
208 1496 277 1546 uerba
296 1498 324 1547 de
340 1497 464 1561 praeaeuti,
478 1510 523 1547 non
539 1500 617 1561 potest
630 1499 755 1549 secundum
769 1499 853 1550 habere
875 1500 951 1567 primo

145 1565 238 1618 uiuente
245 1603 254 1629 ,
265 1566 306 1618 sed
320 1571 396 1631 potent
408 1567 445 1618 vel
456 1569 580 1618 secundum
591 1568 734 1633 relinquere,
750 1571 789 1622 uei
802 1571 831 1620 ad
847 1571 950 1634 primum

145 1636 229 1690 redire.
246 1637 276 1688 ut
296 1637 422 1702 ignorantia
438 1638 493 1689 socii
508 1643 603 1690 excusat
615 1645 748 1704 peccatum,
767 1641 827 1692 sicut
839 1645 864 1692 et
877 1653 949 1693 excu-

144 1711 233 1759 saretur
246 1713 298 1773 post
312 1715 493 1760 consummatum
506 1710 689 1773 matrimonium,
709 1712 730 1761 si
747 1711 760 1762 t
774 1713 949 1777 consanguineo

144 1777 189 1828 uiri
211 1778 250 1828 sui
271 1779 424 1831 fraudulenter
447 1783 628 1843 cognosceretur,
641 1781 695 1844 quia
711 1781 774 1832 irauu
792 1782 888 1834 alterius
902 1794 951 1834 nou

145 1846 215 1899 debet
228 1848 273 1900 sibi
284 1851 442 1914 prejudicare.

422 2119 588 2189 tutotuto
605 2121 668 2187 LII.

144 2259 181 2307 De
193 2259 364 2318 impedimento
378 2260 542 2314 conditionis,
561 2263 591 2310 r‘tt
604 2267 710 2323 ειεειιιοε·
721 2264 841 2311 cuticulae
854 2264 948 2312 dimon.

174 2407 258 2459 Deinde
274 2408 462 2460 considerandum
478 2413 514 2460 εει
527 2410 555 2462 de
573 2411 737 2476 impedimento
751 2413 898 2465 conditionis.

174 2477 241 2530 Circa
258 2479 317 2542 quod
328 2484 459 2543 quaeruntur
473 2481 624 2547 quatuorilt:
639 2487 666 2534 ιι
682 2483 761 2534 Utrdnr
775 2484 875 2536 conditio
895 2497 946 2536 aer·

143 2547 223 2612 ritutie
237 2549 405 2602 matrimonium
419 2551 536 2616 impediat.
551 2559 578 2604 2⁰
590 2554 669 2606 Utrium
680 2569 760 2606 nerum
773 2555 822 2606 eine
832 2569 947 2608 murenam

143 2619 231 2672 domini
250 2623 323 2686 possit
343 2621 512 2675 matrimonium
532 2629 674 2678 contrahere.
693 2632 719 2677 ιιι
744 2627 824 2679 uuum
845 2628 945 2693 aliquis,

143 2696 265 2758 postquam
278 2698 385 2746 uxoratur
400 2699 446 2759 eet,
456 2695 530 2760 possit
539 2711 565 2750 ee
577 2711 669 2750 seruum
678 2698 754 2752 facore
765 2699 816 2751 aina
829 2712 946 2752 consensu

179 2835 212 2900 (ι)
227 2842 262 2888 Ex
275 2843 317 2904 lv,
332 2841 411 2896 Satri..
423 2843 478 2893 dist.
489 2843 529 2907 86,
544 2857 585 2905 qn.
598 2844 623 2907 1,
637 2851 683 2895 ιιι.
696 2845 708 2894 1
727 2852 752 2896 ⁶2
764 2859 834 2908 ”dq-
