<?xml version="1.0" encoding="UTF-8"?>
<!DOCTYPE html PUBLIC "-//W3C//DTD XHTML 1.0 Transitional//EN"
    "http://www.w3.org/TR/xhtml1/DTD/xhtml1-transitional.dtd">
<html xmlns="http://www.w3.org/1999/xhtml" xml:lang="en" lang="en">
 <head>
  <title>
</title>
<meta http-equiv="Content-Type" content="text/html;charset=utf-8" />
  <meta name='ocr-system' content='tesseract 3.04.00' />
  <meta name='ocr-capabilities' content='ocr_page ocr_carea ocr_par ocr_line ocrx_word'/>
</head>
<body>
  <div class='ocr_page' id='page_1' title='image "./summatheologica06nicogoog_0396.png"; bbox 0 0 1922 3332; ppageno 0'>
   <div class='ocr_carea' id='block_1_1' title="bbox 12 1065 210 1149">
    <p class='ocr_par' dir='ltr' id='par_1_1' title="bbox 12 1065 210 1149">
     <span class='ocr_line' id='line_1_1' title="bbox 12 1065 210 1149; baseline -0.015 0"><span class='ocrx_word' id='word_1_1' title='bbox 12 1065 13 1072; x_wconf 8' lang='grc' dir='ltr'>ἵ</span> <span class='ocrx_word' id='word_1_2' title='bbox 61 1127 63 1138; x_wconf 79' lang='grc'>.</span> <span class='ocrx_word' id='word_1_3' title='bbox 150 1099 210 1149; x_wconf 71' lang='lat' dir='ltr'>nco.</span> 
     </span>
    </p>
   </div>
   <div class='ocr_carea' id='block_1_2' title="bbox 152 65 875 134">
    <p class='ocr_par' dir='ltr' id='par_1_2' title="bbox 152 65 875 134">
     <span class='ocr_line' id='line_1_2' title="bbox 152 65 875 134; baseline -0.001 -8"><span class='ocrx_word' id='word_1_4' title='bbox 152 79 197 126; x_wconf 76' lang='lat' dir='ltr'>att</span> <span class='ocrx_word' id='word_1_5' title='bbox 284 84 486 134; x_wconf 62' lang='lat' dir='ltr'>surannunurnrm</span> <span class='ocrx_word' id='word_1_6' title='bbox 502 83 596 128; x_wconf 76' lang='lat' dir='ltr'>oousr.</span> <span class='ocrx_word' id='word_1_7' title='bbox 614 83 699 134; x_wconf 77' lang='lat' dir='ltr'>anxur,</span> <span class='ocrx_word' id='word_1_8' title='bbox 719 86 772 124; x_wconf 78' lang='lat' dir='ltr'>aar.</span> <span class='ocrx_word' id='word_1_9' title='bbox 788 86 812 126; x_wconf 89' lang='lat' dir='ltr'>u.</span> <span class='ocrx_word' id='word_1_10' title='bbox 867 65 875 74; x_wconf 54' lang='lat'>‘</span> 
     </span>
    </p>
   </div>
   <div class='ocr_carea' id='block_1_3' title="bbox 444 269 697 352">
    <p class='ocr_par' dir='ltr' id='par_1_3' title="bbox 444 269 697 352">
     <span class='ocr_line' id='line_1_3' title="bbox 444 269 697 352; baseline 0 -32"><span class='ocrx_word' id='word_1_11' title='bbox 444 269 604 324; x_wconf 72' lang='lat' dir='ltr'>radicantis</span> <span class='ocrx_word' id='word_1_12' title='bbox 619 271 649 321; x_wconf 92' lang='lat' dir='ltr'>li.</span> <span class='ocrx_word' id='word_1_13' title='bbox 695 347 697 352; x_wconf 28' lang='grc' dir='ltr'>Ι</span> 
     </span>
    </p>
   </div>
   <div class='ocr_carea' id='block_1_4' title="bbox 261 372 855 455">
    <p class='ocr_par' dir='ltr' id='par_1_4' title="bbox 261 372 949 455">
     <span class='ocr_line' id='line_1_4' title="bbox 261 372 855 455; baseline 0.003 -15"><span class='ocrx_word' id='word_1_14' title='bbox 261 379 347 440; x_wconf 70' lang='lat' dir='ltr'>Utrum</span> <span class='ocrx_word' id='word_1_15' title='bbox 355 395 440 442; x_wconf 78' lang='lat' dir='ltr'>mundi</span> <span class='ocrx_word' id='word_1_16' title='bbox 448 395 562 454; x_wconf 69' lang='lat' dir='ltr'>purgatio</span> <span class='ocrx_word' id='word_1_17' title='bbox 571 395 706 452; x_wconf 61' lang='lat' dir='ltr'>sacraturo</span> <span class='ocrx_word' id='word_1_18' title='bbox 715 372 855 455; x_wconf 70' lang='lat' dir='ltr'>perignem.</span> 
     </span>
    </p>
   </div>
   <div class='ocr_carea' id='block_1_5' title="bbox 146 522 949 1089">
    <p class='ocr_par' dir='ltr' id='par_1_5' title="bbox 150 522 941 806">
     <span class='ocr_line' id='line_1_5' title="bbox 182 522 940 592; baseline 0.001 -16"><span class='ocrx_word' id='word_1_19' title='bbox 182 526 216 576; x_wconf 80' lang='lat' dir='ltr'>Ad</span> <span class='ocrx_word' id='word_1_20' title='bbox 235 523 357 583; x_wconf 86' lang='lat' dir='ltr'>secundum</span> <span class='ocrx_word' id='word_1_21' title='bbox 376 522 409 573; x_wconf 91' lang='lat' dir='ltr'>sic</span> <span class='ocrx_word' id='word_1_22' title='bbox 428 522 566 587; x_wconf 70' lang='lat' dir='ltr'>proceditur.</span> <span class='ocrx_word' id='word_1_23' title='bbox 580 522 674 574; x_wconf 83' lang='lat' dir='ltr'>Videtur</span> <span class='ocrx_word' id='word_1_24' title='bbox 692 522 753 588; x_wconf 75' lang='lat' dir='ltr'>quod</span> <span class='ocrx_word' id='word_1_25' title='bbox 775 526 825 576; x_wconf 79' lang='lat' dir='ltr'>iraec</span> <span class='ocrx_word' id='word_1_26' title='bbox 844 527 940 592; x_wconf 75' lang='lat' dir='ltr'>purgatio</span> 
     </span>
     <span class='ocr_line' id='line_1_6' title="bbox 150 593 941 662; baseline -0.001 -13"><span class='ocrx_word' id='word_1_27' title='bbox 150 611 196 649; x_wconf 84' lang='lat' dir='ltr'>non</span> <span class='ocrx_word' id='word_1_28' title='bbox 211 596 245 647; x_wconf 87' lang='lat' dir='ltr'>sit</span> <span class='ocrx_word' id='word_1_29' title='bbox 255 597 332 646; x_wconf 89' lang='lat' dir='ltr'>tutura</span> <span class='ocrx_word' id='word_1_30' title='bbox 343 608 383 658; x_wconf 91' lang='lat' dir='ltr'>per</span> <span class='ocrx_word' id='word_1_31' title='bbox 395 593 481 658; x_wconf 86' lang='lat' dir='ltr'>ignem.</span> <span class='ocrx_word' id='word_1_32' title='bbox 494 593 556 656; x_wconf 90' lang='lat' dir='ltr'>ignis</span> <span class='ocrx_word' id='word_1_33' title='bbox 566 593 628 644; x_wconf 89' lang='lat' dir='ltr'>enim</span> <span class='ocrx_word' id='word_1_34' title='bbox 637 593 730 646; x_wconf 83' lang='lat' dir='ltr'>cdmsit</span> <span class='ocrx_word' id='word_1_35' title='bbox 742 609 784 660; x_wconf 86' lang='lat' dir='ltr'>pas</span> <span class='ocrx_word' id='word_1_36' title='bbox 795 598 888 661; x_wconf 89' lang='lat' dir='ltr'>mundi,</span> <span class='ocrx_word' id='word_1_37' title='bbox 897 613 941 662; x_wconf 83' lang='lat' dir='ltr'>pur·</span> 
     </span>
     <span class='ocr_line' id='line_1_7' title="bbox 150 665 941 733; baseline 0 -13"><span class='ocrx_word' id='word_1_38' title='bbox 150 669 241 733; x_wconf 81' lang='lat' dir='ltr'>gatiano</span> <span class='ocrx_word' id='word_1_39' title='bbox 254 666 354 730; x_wconf 81' lang='lat' dir='ltr'>indiget,</span> <span class='ocrx_word' id='word_1_40' title='bbox 366 666 424 716; x_wconf 90' lang='lat' dir='ltr'>sicut</span> <span class='ocrx_word' id='word_1_41' title='bbox 433 669 457 716; x_wconf 86' lang='lat' dir='ltr'>et</span> <span class='ocrx_word' id='word_1_42' title='bbox 471 665 520 716; x_wconf 80' lang='lat' dir='ltr'>alia</span> <span class='ocrx_word' id='word_1_43' title='bbox 528 669 613 730; x_wconf 87' lang='lat' dir='ltr'>partes.</span> <span class='ocrx_word' id='word_1_44' title='bbox 625 666 670 717; x_wconf 83' lang='lat' dir='ltr'>Sed</span> <span class='ocrx_word' id='word_1_45' title='bbox 680 679 727 716; x_wconf 89' lang='lat' dir='ltr'>non</span> <span class='ocrx_word' id='word_1_46' title='bbox 737 666 806 718; x_wconf 83' lang='lat' dir='ltr'>debet</span> <span class='ocrx_word' id='word_1_47' title='bbox 821 683 877 720; x_wconf 86' lang='lat' dir='ltr'>esse</span> <span class='ocrx_word' id='word_1_48' title='bbox 889 670 941 720; x_wconf 86' lang='lat' dir='ltr'>iden</span> 
     </span>
     <span class='ocr_line' id='line_1_8' title="bbox 150 736 940 806; baseline -0.001 -15"><span class='ocrx_word' id='word_1_49' title='bbox 150 751 250 806; x_wconf 82' lang='lat' dir='ltr'>purgans</span> <span class='ocrx_word' id='word_1_50' title='bbox 262 743 285 789; x_wconf 86' lang='lat' dir='ltr'>et</span> <span class='ocrx_word' id='word_1_51' title='bbox 296 741 423 802; x_wconf 88' lang='lat' dir='ltr'>purgatum.</span> <span class='ocrx_word' id='word_1_52' title='bbox 438 737 497 800; x_wconf 79' lang='lat' dir='ltr'>Ergo</span> <span class='ocrx_word' id='word_1_53' title='bbox 510 737 601 788; x_wconf 79' lang='lat' dir='ltr'>ridetur</span> <span class='ocrx_word' id='word_1_54' title='bbox 619 736 680 802; x_wconf 82' lang='lat' dir='ltr'>quod</span> <span class='ocrx_word' id='word_1_55' title='bbox 694 738 756 802; x_wconf 85' lang='lat' dir='ltr'>ignia</span> <span class='ocrx_word' id='word_1_56' title='bbox 770 753 817 790; x_wconf 87' lang='lat' dir='ltr'>non</span> <span class='ocrx_word' id='word_1_57' title='bbox 830 742 940 805; x_wconf 73' lang='lat' dir='ltr'>purgabit.</span> 
     </span>
    </p>

    <p class='ocr_par' dir='ltr' id='par_1_6' title="bbox 146 808 949 1089">
     <span class='ocr_line' id='line_1_9' title="bbox 180 808 943 879; baseline 0.001 -18"><span class='ocrx_word' id='word_1_58' title='bbox 180 819 204 862; x_wconf 78' lang='lat'>2.</span> <span class='ocrx_word' id='word_1_59' title='bbox 221 813 345 873; x_wconf 82' lang='lat' dir='ltr'>Praeterea,</span> <span class='ocrx_word' id='word_1_60' title='bbox 359 810 419 860; x_wconf 86' lang='lat' dir='ltr'>sicut</span> <span class='ocrx_word' id='word_1_61' title='bbox 428 808 489 873; x_wconf 89' lang='lat' dir='ltr'>ignis</span> <span class='ocrx_word' id='word_1_62' title='bbox 500 809 569 860; x_wconf 83' lang='lat' dir='ltr'>habat</span> <span class='ocrx_word' id='word_1_63' title='bbox 586 809 696 879; x_wconf 80' lang='lat' dir='ltr'>virtutem</span> <span class='ocrx_word' id='word_1_64' title='bbox 706 811 869 874; x_wconf 74' lang='lat' dir='ltr'>purgativam,</span> <span class='ocrx_word' id='word_1_65' title='bbox 883 813 914 863; x_wconf 90' lang='lat' dir='ltr'>ita</span> <span class='ocrx_word' id='word_1_66' title='bbox 925 817 943 862; x_wconf 85' lang='lat' dir='ltr'>et</span> 
     </span>
     <span class='ocr_line' id='line_1_10' title="bbox 146 879 942 946; baseline 0 -14"><span class='ocrx_word' id='word_1_67' title='bbox 146 895 215 946; x_wconf 82' lang='lat' dir='ltr'>aqna.</span> <span class='ocrx_word' id='word_1_68' title='bbox 232 880 291 932; x_wconf 82' lang='lat' dir='ltr'>cum</span> <span class='ocrx_word' id='word_1_69' title='bbox 308 892 362 942; x_wconf 85' lang='lat' dir='ltr'>ergo</span> <span class='ocrx_word' id='word_1_70' title='bbox 382 892 429 930; x_wconf 91' lang='lat' dir='ltr'>non</span> <span class='ocrx_word' id='word_1_71' title='bbox 447 879 524 930; x_wconf 88' lang='lat' dir='ltr'>omnia</span> <span class='ocrx_word' id='word_1_72' title='bbox 539 879 585 929; x_wconf 85' lang='lat' dir='ltr'>aiut</span> <span class='ocrx_word' id='word_1_73' title='bbox 602 879 727 943; x_wconf 77' lang='lat' dir='ltr'>purgabitis</span> <span class='ocrx_word' id='word_1_74' title='bbox 744 894 785 945; x_wconf 91' lang='lat' dir='ltr'>per</span> <span class='ocrx_word' id='word_1_75' title='bbox 802 881 895 946; x_wconf 89' lang='lat' dir='ltr'>ignem,</span> <span class='ocrx_word' id='word_1_76' title='bbox 909 883 942 933; x_wconf 88' lang='lat' dir='ltr'>sad</span> 
     </span>
     <span class='ocr_line' id='line_1_11' title="bbox 150 949 941 1017; baseline -0.001 -13"><span class='ocrx_word' id='word_1_77' title='bbox 150 953 254 1017; x_wconf 78' lang='lat' dir='ltr'>quedam</span> <span class='ocrx_word' id='word_1_78' title='bbox 267 963 361 1002; x_wconf 86' lang='lat' dir='ltr'>neeesse</span> <span class='ocrx_word' id='word_1_79' title='bbox 382 951 413 1001; x_wconf 88' lang='lat' dir='ltr'>sit</span> <span class='ocrx_word' id='word_1_80' title='bbox 425 949 485 1014; x_wconf 82' lang='lat' dir='ltr'>aqut</span> <span class='ocrx_word' id='word_1_81' title='bbox 496 951 587 1014; x_wconf 89' lang='lat' dir='ltr'>pnrgari</span> <span class='ocrx_word' id='word_1_82' title='bbox 600 951 677 1015; x_wconf 87' lang='lat' dir='ltr'>(sicut</span> <span class='ocrx_word' id='word_1_83' title='bbox 691 951 760 1001; x_wconf 89' lang='lat' dir='ltr'>etiam</span> <span class='ocrx_word' id='word_1_84' title='bbox 770 955 841 1004; x_wconf 82' lang='lat' dir='ltr'>aetus</span> <span class='ocrx_word' id='word_1_85' title='bbox 851 954 890 1004; x_wconf 87' lang='lat' dir='ltr'>lex</span> <span class='ocrx_word' id='word_1_86' title='bbox 899 954 941 1004; x_wconf 87' lang='lat' dir='ltr'>dis·</span> 
     </span>
     <span class='ocr_line' id='line_1_12' title="bbox 151 1021 949 1089; baseline 0.003 -13"><span class='ocrx_word' id='word_1_87' title='bbox 151 1025 261 1089; x_wconf 82' lang='lat' dir='ltr'>tinguit),</span> <span class='ocrx_word' id='word_1_88' title='bbox 276 1022 366 1074; x_wconf 84' lang='lat' dir='ltr'>ridetur</span> <span class='ocrx_word' id='word_1_89' title='bbox 379 1021 439 1086; x_wconf 85' lang='lat' dir='ltr'>qudd</span> <span class='ocrx_word' id='word_1_90' title='bbox 455 1022 516 1086; x_wconf 84' lang='lat' dir='ltr'>ignis</span> <span class='ocrx_word' id='word_1_91' title='bbox 525 1035 582 1072; x_wconf 51' lang='lat' dir='ltr'>*uon</span> <span class='ocrx_word' id='word_1_92' title='bbox 596 1025 679 1086; x_wconf 87' lang='lat' dir='ltr'>purget</span> <span class='ocrx_word' id='word_1_93' title='bbox 694 1022 722 1072; x_wconf 85' lang='lat' dir='ltr'>a&#39;d</span> <span class='ocrx_word' id='word_1_94' title='bbox 737 1022 811 1074; x_wconf 86' lang='lat' dir='ltr'>minus</span> <span class='ocrx_word' id='word_1_95' title='bbox 829 1025 949 1080; x_wconf 60' lang='lat' dir='ltr'>anniversa-t</span> 
     </span>
    </p>
   </div>
   <div class='ocr_carea' id='block_1_6' title="bbox 144 1165 949 1520">
    <p class='ocr_par' dir='ltr' id='par_1_7' title="bbox 144 1165 949 1520">
     <span class='ocr_line' id='line_1_13' title="bbox 181 1165 941 1234; baseline -0.001 -14"><span class='ocrx_word' id='word_1_96' title='bbox 181 1175 204 1220; x_wconf 76' lang='lat'>3.</span> <span class='ocrx_word' id='word_1_97' title='bbox 221 1170 345 1231; x_wconf 73' lang='lat' dir='ltr'>praterea,</span> <span class='ocrx_word' id='word_1_98' title='bbox 360 1168 464 1232; x_wconf 78' lang='lat' dir='ltr'>purgatio</span> <span class='ocrx_word' id='word_1_99' title='bbox 478 1167 506 1218; x_wconf 91' lang='lat' dir='ltr'>ad</span> <span class='ocrx_word' id='word_1_100' title='bbox 517 1167 561 1217; x_wconf 87' lang='lat' dir='ltr'>troo</span> <span class='ocrx_word' id='word_1_101' title='bbox 573 1165 664 1217; x_wconf 88' lang='lat' dir='ltr'>videtur</span> <span class='ocrx_word' id='word_1_102' title='bbox 677 1165 807 1230; x_wconf 86' lang='lat' dir='ltr'>pertinere,</span> <span class='ocrx_word' id='word_1_103' title='bbox 823 1171 852 1218; x_wconf 91' lang='lat' dir='ltr'>ut</span> <span class='ocrx_word' id='word_1_104' title='bbox 870 1173 941 1234; x_wconf 84' lang='lat' dir='ltr'>partes</span> 
     </span>
     <span class='ocr_line' id='line_1_14' title="bbox 149 1237 942 1304; baseline -0.004 -11"><span class='ocrx_word' id='word_1_105' title='bbox 149 1243 227 1294; x_wconf 88' lang='lat' dir='ltr'>mundi</span> <span class='ocrx_word' id='word_1_106' title='bbox 243 1242 271 1292; x_wconf 89' lang='lat' dir='ltr'>ab</span> <span class='ocrx_word' id='word_1_107' title='bbox 287 1240 384 1291; x_wconf 76' lang='lat' dir='ltr'>trucem</span> <span class='ocrx_word' id='word_1_108' title='bbox 404 1241 527 1304; x_wconf 85' lang='lat' dir='ltr'>segregatae</span> <span class='ocrx_word' id='word_1_109' title='bbox 542 1237 646 1302; x_wconf 87' lang='lat' dir='ltr'>puriores</span> <span class='ocrx_word' id='word_1_110' title='bbox 665 1238 795 1289; x_wconf 77' lang='lat' dir='ltr'>reddantur,</span> <span class='ocrx_word' id='word_1_111' title='bbox 810 1239 859 1290; x_wconf 79' lang='lat' dir='ltr'>sad</span> <span class='ocrx_word' id='word_1_112' title='bbox 873 1255 942 1304; x_wconf 85' lang='lat' dir='ltr'>segra-</span> 
     </span>
     <span class='ocr_line' id='line_1_15' title="bbox 148 1308 940 1379; baseline -0.003 -14"><span class='ocrx_word' id='word_1_113' title='bbox 148 1315 209 1379; x_wconf 88' lang='lat' dir='ltr'>gatio</span> <span class='ocrx_word' id='word_1_114' title='bbox 221 1312 319 1378; x_wconf 87' lang='lat' dir='ltr'>partium</span> <span class='ocrx_word' id='word_1_115' title='bbox 332 1312 411 1362; x_wconf 88' lang='lat' dir='ltr'>mundi</span> <span class='ocrx_word' id='word_1_116' title='bbox 421 1313 449 1361; x_wconf 87' lang='lat' dir='ltr'>ab</span> <span class='ocrx_word' id='word_1_117' title='bbox 462 1310 575 1373; x_wconf 82' lang='lat' dir='ltr'>invicem,</span> <span class='ocrx_word' id='word_1_118' title='bbox 588 1309 613 1358; x_wconf 90' lang='lat' dir='ltr'>in</span> <span class='ocrx_word' id='word_1_119' title='bbox 628 1309 706 1358; x_wconf 88' lang='lat' dir='ltr'>mundi</span> <span class='ocrx_word' id='word_1_120' title='bbox 717 1308 784 1360; x_wconf 86' lang='lat' dir='ltr'>initio</span> <span class='ocrx_word' id='word_1_121' title='bbox 796 1311 847 1362; x_wconf 80' lang='lat' dir='ltr'>sota</span> <span class='ocrx_word' id='word_1_122' title='bbox 861 1311 940 1363; x_wconf 78' lang='lat' dir='ltr'>virtuts</span> 
     </span>
     <span class='ocr_line' id='line_1_16' title="bbox 148 1369 949 1452; baseline -0.005 -16"><span class='ocrx_word' id='word_1_123' title='bbox 148 1385 225 1437; x_wconf 84' lang='lat' dir='ltr'>divint</span> <span class='ocrx_word' id='word_1_124' title='bbox 236 1387 347 1449; x_wconf 74' lang='lat' dir='ltr'>fratreri,</span> <span class='ocrx_word' id='word_1_125' title='bbox 363 1384 415 1448; x_wconf 88' lang='lat' dir='ltr'>quia</span> <span class='ocrx_word' id='word_1_126' title='bbox 428 1393 458 1434; x_wconf 84' lang='lat' dir='ltr'>ex</span> <span class='ocrx_word' id='word_1_127' title='bbox 469 1369 516 1432; x_wconf 78' lang='lat' dir='ltr'>irae</span> <span class='ocrx_word' id='word_1_128' title='bbox 530 1394 588 1444; x_wconf 83' lang='lat' dir='ltr'>opus</span> <span class='ocrx_word' id='word_1_129' title='bbox 596 1380 750 1432; x_wconf 82' lang='lat' dir='ltr'>distinctionis</span> <span class='ocrx_word' id='word_1_130' title='bbox 765 1381 949 1452; x_wconf 54' lang='lat' dir='ltr'>determinatum</span> 
     </span>
     <span class='ocr_line' id='line_1_17' title="bbox 144 1452 949 1520; baseline -0.004 -13"><span class='ocrx_word' id='word_1_131' title='bbox 144 1460 245 1510; x_wconf 86' lang='lat' dir='ltr'>undeet</span> <span class='ocrx_word' id='word_1_132' title='bbox 266 1458 410 1520; x_wconf 75' lang='lat' dir='ltr'>Anaxagoras</span> <span class='ocrx_word' id='word_1_133' title='bbox 424 1457 466 1516; x_wconf 87' lang='lat' dir='ltr'>(ut</span> <span class='ocrx_word' id='word_1_134' title='bbox 480 1452 639 1516; x_wconf 80' lang='lat' dir='ltr'>&#39;Phdoaopirus</span> <span class='ocrx_word' id='word_1_135' title='bbox 659 1453 727 1502; x_wconf 84' lang='lat' dir='ltr'>retent</span> <span class='ocrx_word' id='word_1_136' title='bbox 750 1453 809 1504; x_wconf 86' lang='lat' dir='ltr'>Viti.</span> <span class='ocrx_word' id='word_1_137' title='bbox 831 1455 949 1520; x_wconf 57' lang='lat' dir='ltr'>Pityaia,</span> 
     </span>
    </p>
   </div>
   <div class='ocr_carea' id='block_1_7' title="bbox 34 1519 949 1594">
    <p class='ocr_par' dir='ltr' id='par_1_8' title="bbox 34 1519 949 1594">
     <span class='ocr_line' id='line_1_18' title="bbox 34 1519 949 1594; baseline -0.002 -15"><span class='ocrx_word' id='word_1_138' title='bbox 34 1519 47 1534; x_wconf 76' lang='lat'><em>¹</em></span> <span class='ocrx_word' id='word_1_139' title='bbox 145 1533 201 1581; x_wconf 83' lang='lat' dir='ltr'>tent.</span> <span class='ocrx_word' id='word_1_140' title='bbox 217 1531 267 1594; x_wconf 77' lang='lat' dir='ltr'>tt)</span> <span class='ocrx_word' id='word_1_141' title='bbox 282 1525 461 1592; x_wconf 77' lang='lat' dir='ltr'>segregationem</span> <span class='ocrx_word' id='word_1_142' title='bbox 473 1523 550 1590; x_wconf 87' lang='lat' dir='ltr'>posuit</span> <span class='ocrx_word' id='word_1_143' title='bbox 565 1539 579 1571; x_wconf 84' lang='lat' dir='ltr'>a</span> <span class='ocrx_word' id='word_1_144' title='bbox 595 1527 671 1574; x_wconf 87' lang='lat' dir='ltr'>actum</span> <span class='ocrx_word' id='word_1_145' title='bbox 683 1523 813 1574; x_wconf 81' lang='lat' dir='ltr'>intellectus</span> <span class='ocrx_word' id='word_1_146' title='bbox 828 1527 949 1588; x_wconf 61' lang='lat' dir='ltr'>moventis}</span> 
     </span>
    </p>
   </div>
   <div class='ocr_carea' id='block_1_8' title="bbox 141 1589 949 2887">
    <p class='ocr_par' dir='ltr' id='par_1_9' title="bbox 146 1589 949 1737">
     <span class='ocr_line' id='line_1_19' title="bbox 146 1589 949 1664; baseline -0.007 -9"><span class='ocrx_word' id='word_1_147' title='bbox 146 1603 229 1655; x_wconf 90' lang='lat' dir='ltr'>omnia.</span> <span class='ocrx_word' id='word_1_148' title='bbox 240 1618 254 1650; x_wconf 85' lang='lat' dir='ltr'>n</span> <span class='ocrx_word' id='word_1_149' title='bbox 268 1602 327 1664; x_wconf 82' lang='lat' dir='ltr'>Ergo</span> <span class='ocrx_word' id='word_1_150' title='bbox 339 1595 428 1650; x_wconf 83' lang='lat' dir='ltr'>uidetur</span> <span class='ocrx_word' id='word_1_151' title='bbox 436 1597 497 1664; x_wconf 84' lang='lat' dir='ltr'>quod</span> <span class='ocrx_word' id='word_1_152' title='bbox 511 1596 535 1646; x_wconf 91' lang='lat' dir='ltr'>in</span> <span class='ocrx_word' id='word_1_153' title='bbox 543 1595 588 1646; x_wconf 87' lang='lat' dir='ltr'>tine</span> <span class='ocrx_word' id='word_1_154' title='bbox 600 1595 678 1646; x_wconf 86' lang='lat' dir='ltr'>mundi</span> <span class='ocrx_word' id='word_1_155' title='bbox 690 1596 795 1660; x_wconf 83' lang='lat' dir='ltr'>purgatio</span> <span class='ocrx_word' id='word_1_156' title='bbox 808 1596 849 1648; x_wconf 83' lang='lat' dir='ltr'>tet</span> <span class='ocrx_word' id='word_1_157' title='bbox 862 1589 949 1650; x_wconf 64' lang='lat' dir='ltr'>imus-3</span> 
     </span>
     <span class='ocr_line' id='line_1_20' title="bbox 146 1670 949 1737; baseline -0.011 -11"><span class='ocrx_word' id='word_1_158' title='bbox 146 1674 206 1726; x_wconf 74' lang='lat' dir='ltr'>diota</span> <span class='ocrx_word' id='word_1_159' title='bbox 220 1674 234 1725; x_wconf 79' lang='lat' dir='ltr'>t</span> <span class='ocrx_word' id='word_1_160' title='bbox 247 1675 306 1737; x_wconf 85' lang='lat' dir='ltr'>Deo,</span> <span class='ocrx_word' id='word_1_161' title='bbox 321 1676 344 1724; x_wconf 85' lang='lat' dir='ltr'>et</span> <span class='ocrx_word' id='word_1_162' title='bbox 356 1685 402 1724; x_wconf 92' lang='lat' dir='ltr'>non</span> <span class='ocrx_word' id='word_1_163' title='bbox 412 1670 550 1736; x_wconf 88' lang='lat' dir='ltr'>perignem.</span> <span class='ocrx_word' id='word_1_164' title='bbox 948 1673 949 1730; x_wconf 75' lang='lat' dir='ltr'>s</span> 
     </span>
    </p>

    <p class='ocr_par' dir='ltr' id='par_1_10' title="bbox 144 1735 949 2096">
     <span class='ocr_line' id='line_1_21' title="bbox 176 1735 949 1808; baseline -0.009 -11"><span class='ocrx_word' id='word_1_165' title='bbox 176 1747 220 1798; x_wconf 83' lang='lat' dir='ltr'>Sed</span> <span class='ocrx_word' id='word_1_166' title='bbox 234 1747 312 1796; x_wconf 87' lang='lat' dir='ltr'>contra</span> <span class='ocrx_word' id='word_1_167' title='bbox 327 1746 378 1804; x_wconf 88' lang='lat' dir='ltr'>est,</span> <span class='ocrx_word' id='word_1_168' title='bbox 392 1743 452 1807; x_wconf 82' lang='lat' dir='ltr'>quod</span> <span class='ocrx_word' id='word_1_169' title='bbox 465 1741 490 1791; x_wconf 90' lang='lat' dir='ltr'>in</span> <span class='ocrx_word' id='word_1_170' title='bbox 503 1739 598 1790; x_wconf 65' lang='lat' dir='ltr'>suarm.</span> <span class='ocrx_word' id='word_1_171' title='bbox 611 1739 681 1789; x_wconf 83' lang='lat' dir='ltr'>XLIX</span> <span class='ocrx_word' id='word_1_172' title='bbox 692 1739 792 1790; x_wconf 80' lang='lat' dir='ltr'>dicitu:</span> <span class='ocrx_word' id='word_1_173' title='bbox 813 1741 901 1806; x_wconf 80' lang='lat' dir='ltr'>arguis</span> <span class='ocrx_word' id='word_1_174' title='bbox 919 1735 949 1808; x_wconf 58' lang='lat' dir='ltr'>ini</span> 
     </span>
     <span class='ocr_line' id='line_1_22' title="bbox 144 1811 949 1880; baseline -0.007 -12"><span class='ocrx_word' id='word_1_175' title='bbox 144 1819 267 1880; x_wconf 85' lang='lat' dir='ltr'>conspectu</span> <span class='ocrx_word' id='word_1_176' title='bbox 284 1816 336 1880; x_wconf 85' lang='lat' dir='ltr'>ejus</span> <span class='ocrx_word' id='word_1_177' title='bbox 348 1815 479 1866; x_wconf 80' lang='lat' dir='ltr'>exardescet</span> <span class='ocrx_word' id='word_1_178' title='bbox 493 1828 499 1861; x_wconf 77' lang='grc' dir='ltr'><em>ι</em></span> <span class='ocrx_word' id='word_1_179' title='bbox 512 1816 535 1864; x_wconf 83' lang='lat' dir='ltr'>st</span> <span class='ocrx_word' id='word_1_180' title='bbox 548 1813 574 1862; x_wconf 94' lang='lat' dir='ltr'>in</span> <span class='ocrx_word' id='word_1_181' title='bbox 586 1811 682 1861; x_wconf 90' lang='lat' dir='ltr'>circuitu</span> <span class='ocrx_word' id='word_1_182' title='bbox 693 1812 744 1875; x_wconf 79' lang='lat' dir='ltr'>ejus</span> <span class='ocrx_word' id='word_1_183' title='bbox 758 1815 890 1876; x_wconf 85' lang='lat' dir='ltr'>tempestas</span> <span class='ocrx_word' id='word_1_184' title='bbox 902 1825 949 1862; x_wconf 51' lang='lat' dir='ltr'>va·¹</span> 
     </span>
     <span class='ocr_line' id='line_1_23' title="bbox 145 1882 949 1950; baseline -0.004 -13"><span class='ocrx_word' id='word_1_185' title='bbox 145 1888 198 1937; x_wconf 86' lang='lat' dir='ltr'>lida.</span> <span class='ocrx_word' id='word_1_186' title='bbox 209 1903 222 1935; x_wconf 84' lang='lat' dir='ltr'>n</span> <span class='ocrx_word' id='word_1_187' title='bbox 235 1884 264 1936; x_wconf 81' lang='lat' dir='ltr'>ar</span> <span class='ocrx_word' id='word_1_188' title='bbox 276 1889 357 1950; x_wconf 89' lang='lat' dir='ltr'>postea</span> <span class='ocrx_word' id='word_1_189' title='bbox 369 1885 472 1948; x_wconf 87' lang='lat' dir='ltr'>sequitur</span> <span class='ocrx_word' id='word_1_190' title='bbox 483 1883 511 1934; x_wconf 90' lang='lat' dir='ltr'>de</span> <span class='ocrx_word' id='word_1_191' title='bbox 524 1882 611 1946; x_wconf 85' lang='lat' dir='ltr'>jndicio</span> <span class='ocrx_word' id='word_1_192' title='bbox 623 1898 628 1932; x_wconf 93' lang='lat'>:</span> <span class='ocrx_word' id='word_1_193' title='bbox 646 1899 659 1930; x_wconf 86' lang='lat' dir='ltr'>a</span> <span class='ocrx_word' id='word_1_194' title='bbox 669 1883 793 1933; x_wconf 73' lang='lat' dir='ltr'>invocabit</span> <span class='ocrx_word' id='word_1_195' title='bbox 802 1884 889 1935; x_wconf 82' lang='lat' dir='ltr'>casium</span> <span class='ocrx_word' id='word_1_196' title='bbox 902 1885 949 1934; x_wconf 57' lang='grc' dir='ltr'>ειε-Ὶ</span> 
     </span>
     <span class='ocr_line' id='line_1_24' title="bbox 145 1954 949 2019; baseline -0.007 -10"><span class='ocrx_word' id='word_1_197' title='bbox 145 1968 251 2010; x_wconf 84' lang='lat' dir='ltr'>sursum:</span> <span class='ocrx_word' id='word_1_198' title='bbox 268 1961 386 2008; x_wconf 80' lang='lat' dir='ltr'>attentam</span> <span class='ocrx_word' id='word_1_199' title='bbox 401 1956 529 2005; x_wconf 84' lang='lat' dir='ltr'>discernere</span> <span class='ocrx_word' id='word_1_200' title='bbox 541 1954 650 2019; x_wconf 89' lang='lat' dir='ltr'>populum</span> <span class='ocrx_word' id='word_1_201' title='bbox 667 1967 742 2007; x_wconf 85' lang='lat' dir='ltr'>suum.</span> <span class='ocrx_word' id='word_1_202' title='bbox 755 1955 837 2018; x_wconf 76' lang='lat' dir='ltr'>»Ergo</span> <span class='ocrx_word' id='word_1_203' title='bbox 852 1956 949 2008; x_wconf 81' lang='lat' dir='ltr'>ridetur</span> 
     </span>
     <span class='ocr_line' id='line_1_25' title="bbox 144 2024 804 2096; baseline -0.008 -15"><span class='ocrx_word' id='word_1_204' title='bbox 144 2029 205 2096; x_wconf 80' lang='lat' dir='ltr'>quod</span> <span class='ocrx_word' id='word_1_205' title='bbox 224 2028 303 2078; x_wconf 87' lang='lat' dir='ltr'>ultima</span> <span class='ocrx_word' id='word_1_206' title='bbox 318 2027 424 2092; x_wconf 82' lang='lat' dir='ltr'>purgatio</span> <span class='ocrx_word' id='word_1_207' title='bbox 442 2024 519 2076; x_wconf 86' lang='lat' dir='ltr'>mnndi</span> <span class='ocrx_word' id='word_1_208' title='bbox 533 2025 562 2075; x_wconf 87' lang='lat' dir='ltr'>sit</span> <span class='ocrx_word' id='word_1_209' title='bbox 574 2025 650 2076; x_wconf 79' lang='lat' dir='ltr'>futura</span> <span class='ocrx_word' id='word_1_210' title='bbox 664 2037 704 2090; x_wconf 87' lang='lat' dir='ltr'>per</span> <span class='ocrx_word' id='word_1_211' title='bbox 718 2026 804 2090; x_wconf 89' lang='lat' dir='ltr'>ignem.</span> 
     </span>
    </p>

    <p class='ocr_par' dir='ltr' id='par_1_11' title="bbox 143 2097 949 2308">
     <span class='ocr_line' id='line_1_26' title="bbox 174 2097 939 2161; baseline -0.003 -11"><span class='ocrx_word' id='word_1_212' title='bbox 174 2101 318 2160; x_wconf 80' lang='lat' dir='ltr'>Pratereea,</span> <span class='ocrx_word' id='word_1_213' title='bbox 337 2097 648 2161; x_wconf 60' lang='lat' dir='ltr'>il.&#39;Petr.,u1t,‚dicitur;</span> <span class='ocrx_word' id='word_1_214' title='bbox 666 2113 679 2145; x_wconf 82' lang='lat' dir='ltr'>a</span> <span class='ocrx_word' id='word_1_215' title='bbox 692 2097 749 2150; x_wconf 84' lang='lat' dir='ltr'>Goeii</span> <span class='ocrx_word' id='word_1_216' title='bbox 770 2098 880 2150; x_wconf 85' lang='lat' dir='ltr'>ardentes</span> <span class='ocrx_word' id='word_1_217' title='bbox 900 2099 939 2150; x_wconf 91' lang='lat' dir='ltr'>soi·</span> 
     </span>
     <span class='ocr_line' id='line_1_27' title="bbox 144 2169 949 2236; baseline -0.002 -14"><span class='ocrx_word' id='word_1_218' title='bbox 144 2177 231 2236; x_wconf 88' lang='lat' dir='ltr'>ventur,</span> <span class='ocrx_word' id='word_1_219' title='bbox 243 2176 267 2222; x_wconf 86' lang='lat' dir='ltr'>et</span> <span class='ocrx_word' id='word_1_220' title='bbox 276 2170 390 2222; x_wconf 84' lang='lat' dir='ltr'>elementa</span> <span class='ocrx_word' id='word_1_221' title='bbox 399 2169 459 2234; x_wconf 86' lang='lat' dir='ltr'>ignis</span> <span class='ocrx_word' id='word_1_222' title='bbox 470 2169 548 2221; x_wconf 89' lang='lat' dir='ltr'>ardore</span> <span class='ocrx_word' id='word_1_223' title='bbox 556 2169 683 2220; x_wconf 81' lang='lat' dir='ltr'>tabescent.</span> <span class='ocrx_word' id='word_1_224' title='bbox 693 2186 707 2218; x_wconf 83' lang='lat' dir='ltr'>n</span> <span class='ocrx_word' id='word_1_225' title='bbox 716 2169 775 2234; x_wconf 81' lang='lat' dir='ltr'>Fuga</span> <span class='ocrx_word' id='word_1_226' title='bbox 784 2169 823 2220; x_wconf 88' lang='lat' dir='ltr'>iiia</span> <span class='ocrx_word' id='word_1_227' title='bbox 834 2171 949 2236; x_wconf 84' lang='lat' dir='ltr'>purgatio</span> 
     </span>
     <span class='ocr_line' id='line_1_28' title="bbox 143 2243 808 2308; baseline -0.014 -12"><span class='ocrx_word' id='word_1_228' title='bbox 143 2245 268 2308; x_wconf 86' lang='lat' dir='ltr'>perignem</span> <span class='ocrx_word' id='word_1_229' title='bbox 282 2243 330 2293; x_wconf 88' lang='lat' dir='ltr'>iet.</span> <span class='ocrx_word' id='word_1_230' title='bbox 682 2276 684 2280; x_wconf 89' lang='lat'>.</span> <span class='ocrx_word' id='word_1_231' title='bbox 803 2275 808 2287; x_wconf 81' lang='grc'>.</span> 
     </span>
    </p>

    <p class='ocr_par' dir='ltr' id='par_1_12' title="bbox 142 2312 949 2595">
     <span class='ocr_line' id='line_1_29' title="bbox 174 2312 937 2380; baseline -0.003 -14"><span class='ocrx_word' id='word_1_232' title='bbox 174 2316 183 2380; x_wconf 87' lang='grc'>(</span> <span class='ocrx_word' id='word_1_233' title='bbox 190 2317 333 2366; x_wconf 75' lang='lat' dir='ltr'>Coactusro.</span> <span class='ocrx_word' id='word_1_234' title='bbox 344 2339 375 2352; x_wconf 90' lang='lat'>·-</span> <span class='ocrx_word' id='word_1_235' title='bbox 387 2312 446 2364; x_wconf 84' lang='lat' dir='ltr'>(idm</span> <span class='ocrx_word' id='word_1_236' title='bbox 459 2313 520 2378; x_wconf 91' lang='lat' dir='ltr'>ignis</span> <span class='ocrx_word' id='word_1_237' title='bbox 535 2313 566 2365; x_wconf 90' lang='lat' dir='ltr'>sit</span> <span class='ocrx_word' id='word_1_238' title='bbox 580 2313 681 2364; x_wconf 87' lang='lat' dir='ltr'>omnium</span> <span class='ocrx_word' id='word_1_239' title='bbox 693 2313 858 2364; x_wconf 85' lang='lat' dir='ltr'>elementorum</span> <span class='ocrx_word' id='word_1_240' title='bbox 877 2313 937 2366; x_wconf 89' lang='lat' dir='ltr'>nohi-</span> 
     </span>
     <span class='ocr_line' id='line_1_30' title="bbox 142 2384 938 2452; baseline -0.004 -16"><span class='ocrx_word' id='word_1_241' title='bbox 142 2387 252 2438; x_wconf 90' lang='lat' dir='ltr'>iissimnm</span> <span class='ocrx_word' id='word_1_242' title='bbox 272 2389 296 2436; x_wconf 92' lang='lat' dir='ltr'>et</span> <span class='ocrx_word' id='word_1_243' title='bbox 314 2384 592 2452; x_wconf 82' lang='lat' dir='ltr'>purissimum,iiiiusque</span> <span class='ocrx_word' id='word_1_244' title='bbox 611 2386 700 2450; x_wconf 77' lang='lat' dir='ltr'>sphaera</span> <span class='ocrx_word' id='word_1_245' title='bbox 718 2384 817 2436; x_wconf 76' lang='lat' dir='ltr'>maxima</span> <span class='ocrx_word' id='word_1_246' title='bbox 841 2384 938 2438; x_wconf 86' lang='lat' dir='ltr'>disieti</span> 
     </span>
     <span class='ocr_line' id='line_1_31' title="bbox 143 2447 949 2522; baseline 0 -13"><span class='ocrx_word' id='word_1_247' title='bbox 143 2463 220 2509; x_wconf 88' lang='lat' dir='ltr'>nostra</span> <span class='ocrx_word' id='word_1_248' title='bbox 239 2458 396 2520; x_wconf 84' lang='lat' dir='ltr'>habitatione,</span> <span class='ocrx_word' id='word_1_249' title='bbox 411 2459 574 2510; x_wconf 85' lang='lat' dir='ltr'>convenienter</span> <span class='ocrx_word' id='word_1_250' title='bbox 586 2471 628 2522; x_wconf 86' lang='lat' dir='ltr'>par</span> <span class='ocrx_word' id='word_1_251' title='bbox 640 2470 693 2508; x_wconf 89' lang='lat' dir='ltr'>eum</span> <span class='ocrx_word' id='word_1_252' title='bbox 710 2457 747 2508; x_wconf 85' lang='lat' dir='ltr'>iet</span> <span class='ocrx_word' id='word_1_253' title='bbox 763 2457 845 2508; x_wconf 90' lang='lat' dir='ltr'>mundi</span> <span class='ocrx_word' id='word_1_254' title='bbox 858 2447 949 2522; x_wconf 58' lang='lat' dir='ltr'>purga-¹</span> 
     </span>
     <span class='ocr_line' id='line_1_32' title="bbox 143 2529 199 2595; baseline 0.036 -17"><span class='ocrx_word' id='word_1_255' title='bbox 143 2529 199 2595; x_wconf 74' lang='lat' dir='ltr'>tio.)</span> 
     </span>
    </p>

    <p class='ocr_par' dir='ltr' id='par_1_13' title="bbox 173 2601 935 2668">
     <span class='ocr_line' id='line_1_33' title="bbox 173 2601 935 2668; baseline -0.003 -16"><span class='ocrx_word' id='word_1_256' title='bbox 173 2601 308 2668; x_wconf 83' lang='lat' dir='ltr'>Respondeo</span> <span class='ocrx_word' id='word_1_257' title='bbox 318 2603 453 2668; x_wconf 88' lang='lat' dir='ltr'>dicandum,</span> <span class='ocrx_word' id='word_1_258' title='bbox 470 2603 530 2668; x_wconf 87' lang='lat' dir='ltr'>qudd</span> <span class='ocrx_word' id='word_1_259' title='bbox 542 2603 581 2653; x_wconf 92' lang='lat' dir='ltr'>iiia</span> <span class='ocrx_word' id='word_1_260' title='bbox 596 2603 673 2653; x_wconf 88' lang='lat' dir='ltr'>muudi</span> <span class='ocrx_word' id='word_1_261' title='bbox 686 2601 799 2667; x_wconf 86' lang='lat' dir='ltr'>purgatio,</span> <span class='ocrx_word' id='word_1_262' title='bbox 815 2606 841 2652; x_wconf 91' lang='lat' dir='ltr'>ut</span> <span class='ocrx_word' id='word_1_263' title='bbox 852 2603 935 2654; x_wconf 89' lang='lat' dir='ltr'>dictun</span> 
     </span>
    </p>

    <p class='ocr_par' dir='ltr' id='par_1_14' title="bbox 141 2674 935 2887">
     <span class='ocr_line' id='line_1_34' title="bbox 208 2674 935 2741; baseline -0.001 -16"><span class='ocrx_word' id='word_1_264' title='bbox 208 2676 449 2728; x_wconf 81' lang='lat' dir='ltr'>removebitimundo</span> <span class='ocrx_word' id='word_1_265' title='bbox 461 2675 606 2728; x_wconf 76' lang='lat' dir='ltr'>iniectionem</span> <span class='ocrx_word' id='word_1_266' title='bbox 618 2677 722 2741; x_wconf 85' lang='lat' dir='ltr'>encuipa</span> <span class='ocrx_word' id='word_1_267' title='bbox 732 2674 851 2738; x_wconf 74' lang='lat' dir='ltr'>sedatam,</span> <span class='ocrx_word' id='word_1_268' title='bbox 867 2679 890 2726; x_wconf 88' lang='lat' dir='ltr'>et</span> <span class='ocrx_word' id='word_1_269' title='bbox 898 2675 935 2724; x_wconf 89' lang='lat' dir='ltr'>im·</span> 
     </span>
     <span class='ocr_line' id='line_1_35' title="bbox 145 2746 932 2814; baseline 0.003 -18"><span class='ocrx_word' id='word_1_270' title='bbox 145 2746 265 2814; x_wconf 84' lang='lat' dir='ltr'>puritatem</span> <span class='ocrx_word' id='word_1_271' title='bbox 286 2748 469 2814; x_wconf 80' lang='lat' dir='ltr'>commixtionis,</span> <span class='ocrx_word' id='word_1_272' title='bbox 483 2752 507 2800; x_wconf 87' lang='lat' dir='ltr'>et</span> <span class='ocrx_word' id='word_1_273' title='bbox 523 2750 567 2800; x_wconf 88' lang='lat' dir='ltr'>erit</span> <span class='ocrx_word' id='word_1_274' title='bbox 580 2747 696 2812; x_wconf 80' lang='lat' dir='ltr'>dispositio</span> <span class='ocrx_word' id='word_1_275' title='bbox 710 2747 737 2797; x_wconf 89' lang='lat' dir='ltr'>ad</span> <span class='ocrx_word' id='word_1_276' title='bbox 757 2746 834 2810; x_wconf 75' lang='lat' dir='ltr'>gioria</span> <span class='ocrx_word' id='word_1_277' title='bbox 849 2750 932 2812; x_wconf 78' lang='lat' dir='ltr'>pentae</span> 
     </span>
     <span class='ocr_line' id='line_1_36' title="bbox 141 2818 932 2887; baseline -0.004 -17"><span class='ocrx_word' id='word_1_278' title='bbox 141 2821 225 2872; x_wconf 89' lang='lat' dir='ltr'>tionem</span> <span class='ocrx_word' id='word_1_279' title='bbox 242 2840 247 2873; x_wconf 88' lang='lat'>:</span> <span class='ocrx_word' id='word_1_280' title='bbox 262 2822 363 2887; x_wconf 80' lang='lat' dir='ltr'>otioso,</span> <span class='ocrx_word' id='word_1_281' title='bbox 379 2825 488 2887; x_wconf 84' lang='lat' dir='ltr'>quantum</span> <span class='ocrx_word' id='word_1_282' title='bbox 501 2820 530 2872; x_wconf 86' lang='lat' dir='ltr'>ad</span> <span class='ocrx_word' id='word_1_283' title='bbox 550 2823 600 2874; x_wconf 79' lang='lat' dir='ltr'>hac</span> <span class='ocrx_word' id='word_1_284' title='bbox 613 2821 656 2872; x_wconf 87' lang='lat' dir='ltr'>tria</span> <span class='ocrx_word' id='word_1_285' title='bbox 669 2818 885 2872; x_wconf 79' lang='lat' dir='ltr'>convenientissime</span> <span class='ocrx_word' id='word_1_286' title='bbox 900 2821 932 2870; x_wconf 87' lang='lat' dir='ltr'>det</span> 
     </span>
    </p>
   </div>
   <div class='ocr_carea' id='block_1_9' title="bbox 0 0 966 3332">
    <p class='ocr_par' dir='ltr' id='par_1_15' title="bbox 0 0 966 3332">
     <span class='ocr_line' id='line_1_37' title="bbox 0 0 966 3332; baseline 0 1"><span class='ocrx_word' id='word_1_287' title='bbox 0 0 966 3332; x_wconf 95' lang='lat' dir='ltr'> </span> 
     </span>
    </p>
   </div>
  </div>
 </body>
</html>
