1954 3314
234 113 265 152 ou
281 110 485 152 rmtssrmmtnre
500 109 643 161 coteounrr,
663 111 716 153 erc.
833 103 877 154 llo

69 189 192 243 delectum
206 189 229 240 in
242 191 353 256 potentio.
370 189 425 240 com
442 201 496 252 ergo
508 188 534 240 iu
550 187 682 252 corporibus
699 191 815 241 bmlorum
828 189 876 242 slot

71 263 149 312 futuri
171 261 244 325 aliqui
261 258 364 312 deiectus
381 261 405 310 in
420 264 473 310 eclu
489 260 563 321 (sicut
582 260 701 311 cicatrices
714 260 834 312 uulnerum
852 261 876 310 iu

71 333 226 400 martyribus,
236 336 262 382 ct
274 331 299 382 in
317 331 530 392 consciderunt),
542 329 633 382 tidelm
645 331 705 394 qudd
719 331 778 380 nibil
789 331 879 395 depcri-

72 405 112 456 bit
123 403 263 470 perfectioni
281 415 369 464 eornm,
383 403 402 452 si
416 407 528 466 portemur
540 403 623 452 babere
641 414 735 466 corpore
749 402 873 465 passibilia.

108 476 158 526 Sed
171 479 248 525 conire
267 486 334 524 omne
352 472 459 537 possibile
474 477 510 524 est
529 473 690 537 corruptibile,
706 473 759 537 quie
774 490 788 521 c
802 472 879 538 passio

72 547 153 612 magis
172 547 231 596 lecta
245 543 324 608 objicit
338 544 351 595 i
366 545 492 596 substantia
509 546 553 607 (cx
565 545 605 595 lib.
619 544 649 593 vt
663 541 757 608 Topic,
769 557 819 607 cap.
833 542 877 606 c).

72 620 124 670 Sed
135 631 231 682 corpora
242 621 372 667 sanctorum
386 619 436 678 post
452 615 639 666 resurrectionem
655 619 723 665 emet
737 615 875 682 incorr-,opli-

72 689 150 752 bilia,
164 693 190 738 nt
203 689 285 738 dicitur
298 688 307 736 l
322 683 357 736 od
371 688 440 742 Cor„
450 687 490 736 XV
503 699 509 736 :
523 687 674 737 «seminetur
687 685 876 750 incorruptione,

70 765 156 824 surget
165 761 191 810 in
201 759 377 822 incorruptione.
389 776 403 806 n
419 759 478 822 Ergo
489 761 558 809 erunt
575 757 734 821 impassibilia.

108 833 235 892 Praetcree,
252 847 265 879 s
284 829 365 880 lortius
378 843 424 880 non
438 831 522 894 petitur
538 829 551 880 i
567 828 679 880 debiliori.
700 828 773 879 »Sed
791 828 877 879 nullum

73 917 162 967 corpus
180 901 224 952 erit
242 902 323 952 lortius
343 901 474 964 corporibus
490 905 632 958 sanctorum
648 901 677 953 de
695 899 778 964 qrribuu
797 899 878 950 dicitnr

73 977 85 1025 1
100 975 176 1033 Com,
189 975 230 1024 xv
248 989 253 1022 :
269 991 282 1018 u
295 973 424 1023 seminatur
436 972 462 1022 iu
475 972 606 1024 infirmitate
616 1010 623 1034 ,
633 975 712 1036 surget
721 972 747 1023 iu
758 971 877 1022 uirtute.»

74 1047 139 1110 Ergo
153 1049 220 1097 erunt
231 1045 388 1109 impossibilia.

110 1119 314 1183 (flebotomo-
326 1114 382 1168 Cim
401 1111 519 1169 beatorum
534 1121 587 1181 poet
599 1115 786 1183 resurrectionem
798 1127 880 1178 corpus

74 1193 101 1240 et
117 1187 231 1252 quidquid
247 1187 272 1236 in
282 1200 310 1238 eo
320 1191 372 1250 est,
385 1186 488 1250 perfecte
503 1186 586 1250 subjici
601 1186 684 1236 uniruae
697 1191 765 1248 utone
779 1185 879 1235 enimam

72 1261 124 1310 ileo
134 1257 291 1308 necessarium
306 1259 348 1320 site
363 1257 412 1308 lieri
432 1267 477 1308 non
495 1261 569 1321 potest
583 1262 607 1306 nt
621 1269 699 1308 eorum
720 1261 775 1306 toric
797 1268 879 1318 corpus

75 1334 160 1382 contra
172 1328 344 1392 dispositionem
354 1327 416 1376 illam
429 1341 480 1391 que
492 1327 608 1392 perficitur
624 1328 652 1379 ab
667 1327 760 1387 anima,
771 1325 879 1391 passibile

78 1401 144 1464 sit.)

108 1471 247 1536 Respondeo
263 1471 398 1534 dicendum,
413 1471 474 1534 qodd
485 1474 573 1535 passio
587 1470 705 1535 dupliciter
724 1469 814 1519 dicitnr.
830 1469 879 1519 Uno

77 1545 161 1606 modo,
181 1543 332 1592 communiter
352 1547 397 1592 :et
409 1543 442 1592 sic
462 1542 537 1592 omnis
557 1543 658 1606 receptio
678 1541 760 1605 persio
782 1539 879 1598 dicitnr,

77 1617 129 1668 siue
141 1614 196 1665 iilud
210 1614 269 1676 quod
282 1613 399 1677 recipitur,
410 1613 440 1663 sit
448 1613 590 1664 conveniens
601 1611 718 1676 recipienti
735 1617 758 1662 et
770 1610 879 1675 perlecti·

76 1700 134 1736 uum
148 1683 235 1750 ipsius,
248 1684 297 1734 sive
308 1683 445 1734 contrarium
455 1687 480 1732 et
490 1685 643 1748 corruptivum
655 1698 662 1732 ι
673 1686 696 1734 et
707 1682 735 1732 ab
748 1681 880 1747 hujusmodi

77 1755 194 1822 passionis
213 1754 338 1804 remotione
356 1767 450 1818 corpora
464 1753 558 1817 gloriose
573 1752 722 1819 impossibilia
740 1767 786 1804 non
799 1753 879 1804 dicun

78 1835 129 1890 tor,
144 1826 197 1878 cium
206 1825 266 1876 cibit
282 1826 343 1890 qnod
357 1829 393 1876 eet
404 1824 566 1889 perfectionis,
580 1826 608 1876 eb
623 1825 657 1876 eis
673 1825 703 1876 sit
721 1823 878 1875 auferendum.

78 1898 131 1950 Alio
144 1898 210 1948 modo
219 1897 305 1960 postte
314 1895 396 1946 dicitur
407 1894 510 1960 proprit3
521 1909 589 1960 qoem
600 1896 633 1947 sic
641 1896 721 1947 deluit
730 1896 881 1945 Damascenis

80 1971 106 2019 in
120 1970 140 2019 il
154 1969 195 2018 lib.
211 1969 262 2032 (De
275 1967 327 2032 pide
344 1966 454 2025 orthod..
469 1979 520 2032 cop.
535 1967 579 2032 tt)
599 1983 605 2018 :
621 1985 634 2016 c
655 1968 733 2018 Passio
755 1970 795 2023 est}
806 1968 880 2017 motus

77 2044 289 2104 prolocutionum,
300 2054 314 2086 r
326 2039 386 2088 uude
398 2037 561 2090 immoderatus
573 2043 647 2090 motus
661 2039 734 2089 cordis
741 2036 819 2102 passio
828 2035 880 2099 ejus

81 2111 177 2172 dicitur,
189 2111 231 2160 sed
245 2110 375 2160 moderatus
388 2109 469 2160 dicitnr
482 2109 534 2172 ejus
547 2110 658 2174 operatio.
677 2110 748 2172 Cujus
762 2107 820 2156 relic
830 2111 880 2166 est,

80 2183 137 2246 quie
155 2195 247 2232 «omne
265 2181 324 2244 qnod
341 2179 440 2244 petitur,
453 2181 549 2230 trahitur
567 2182 595 2232 ud
619 2181 728 2231 terminos
747 2178 849 2241 egentis,
865 2193 879 2223 n

83 2250 139 2315 quiin
155 2268 169 2300 «
185 2263 256 2314 egeus
270 2251 381 2302 assimilet
404 2251 448 2300 sibi
470 2253 559 2315 potiens
581 2265 587 2300 ε
607 2269 620 2300 »
639 2255 661 2302 et
679 2251 730 2300 ideo
753 2247 842 2312 petiens
857 2247 882 2298 iu

82 2325 193 2386 quantum
208 2321 341 2385 hujusmodi
353 2321 450 2370 trabitur
459 2325 525 2372 extre
540 2323 649 2372 terminos
662 2318 781 2384 proprios,
792 2318 817 2367 iu
830 2318 881 2381 qui-

82 2394 127 2444 bus
143 2397 200 2446 erat.
222 2393 343 2458 sicergo,
357 2391 449 2456 proprii
465 2393 599 2456 accipiendo
612 2393 754 2457 passionem,
772 2403 816 2440 ocu
838 2389 882 2440 erit

82 2466 108 2514 in
127 2463 258 2527 corporibus
275 2468 402 2515 sanctorum
422 2463 590 2526 resurgentium
608 2461 764 2526 potentialiter
785 2461 814 2510 ed
831 2472 882 2524 pas·

85 2537 184 2600 sionem,
194 2541 218 2586 et
228 2537 280 2586 ideo
297 2535 446 2600 impossibilia
459 2535 571 2585 dicentur.

19 2637 25 2653 1
116 2607 189 2670 liuius
212 2611 288 2658 eutem
307 2605 497 2668 impossibilitatis
518 2605 575 2656 retio
589 2603 712 2654 idicrensis
733 2601 882 2655 diversimode

56 2681 60 2694 '
85 2678 222 2743 assignetur.
233 2678 330 2737 Quidem
343 2677 404 2728 eninr
413 2689 469 2726 cem
484 2676 610 2726 attribuunt
619 2673 745 2725 conditioni
758 2674 882 2726 elemento-

87 2765 135 2800 rum
149 2765 200 2815 qnae
215 2749 280 2800 aliter
288 2747 343 2800 tnnc
356 2763 381 2800 se
400 2749 516 2799 habebunt
528 2748 553 2798 in
573 2759 684 2811 corpore,
699 2747 767 2810 quim
778 2746 846 2796 modo
858 2757 883 2794 se
957 2745 959 2754 ‘

89 2823 195 2874 beleum.
207 2822 289 2874 Dicunt
298 2823 358 2873 enim
367 2819 427 2886 quod
438 2820 550 2872 elemento
561 2819 711 2871 remanebunt
720 2817 751 2868 ibi
760 2815 882 2868 secundini
