1976 3306
155 181 199 229 'llo
286 176 486 228 suspensionem,
502 177 597 223 uonsr.
613 177 694 226 xcurr,
710 178 766 217 nur.
786 178 811 216 v.

442 359 604 424 ARTICULUS
619 360 648 410 V.
675 399 677 404 ,

316 485 401 531 Utrum
411 476 475 541 iouis
485 484 576 540 inserui
584 483 631 528 erit
639 483 778 540 corporatis.

976 547 977 586 l

156 608 334 677 ..nequinum
348 606 530 672 suspicentur.
543 606 638 660 utrem
655 608 716 672 quon
730 607 793 672 igin
806 607 943 674 uterum
976 587 977 668 l

149 678 308 732 mutilentur
322 691 416 742 corpora
432 679 603 740 damnatum,
613 690 661 730 nou
678 679 722 730 erit
739 690 877 744 corporeus.
891 681 952 749 ltin't¹

149 751 212 800 enim
224 749 379 800 Dumosoeuus
392 749 418 800 in
430 749 469 799 lv.
483 749 523 800 lih.
534 750 562 800 iu
574 749 624 814 fine
639 763 645 798 :
658 765 673 800 o
685 749 797 800 Tradetur
809 749 916 802 diabolus
926 755 948 800 et

149 821 264 874 demones
277 822 302 870 et
315 819 383 872 homo
394 820 445 882 ejus
455 819 554 884 (scilieet
564 819 725 884 Antichristus)
736 832 790 871 oum
804 819 889 886 impiis
899 831 947 887 pec·

149 889 262 940 munitus
275 889 388 954 inignem
402 895 512 942 ueternum
521 927 528 951 ,
538 901 585 943 non
598 891 754 950 materialem,
768 890 849 955 qualis
863 891 947 955 estqui

149 959 209 1023 opud
219 969 262 1009 nos
273 961 323 1024 ert,
336 962 376 1012 sed
390 961 480 1024 qualem
490 961 555 1012 norit
565 961 637 1013 Deus.
653 961 722 1014 used
731 973 800 1012 omne
814 971 947 1026 corporeum

149 1028 319 1082 ostmuleriule.
329 1028 391 1094 Ergo
405 1031 465 1095 iguis
477 1031 563 1084 iolerui
575 1043 621 1084 uon
632 1032 678 1084 erit
688 1039 823 1094 corporeus.

161 1102 204 1150 u.
223 1100 350 1164 Praetereo,
364 1099 448 1154 anime
468 1101 626 1154 damnatorum
640 1101 764 1166 ternpore
787 1103 904 1164 superato
921 1099 947 1150 el

146 1171 226 1236 irum
242 1171 329 1224 interni
341 1172 480 1225 deteruntur.
499 1173 544 1226 Sed
563 1171 703 1236 Augustinus
724 1169 779 1223 dicit
798 1169 857 1235 llll,
876 1184 946 1237 super

148 1249 232 1295 eous.
251 1244 285 1295 orl
302 1243 437 1302 litterum,
450 1253 501 1310 oep.
512 1247 572 1295 tu:
589 1241 761 1307 «spiritualem
782 1240 885 1294 arbitror
899 1254 948 1295 essu

149 1313 253 1378 (seilicet
265 1313 361 1377 lorum}
374 1315 403 1366 ud
415 1325 482 1380 quem
500 1312 576 1366 onina
589 1313 689 1366 delentur
704 1315 891 1378 postmortem,
904 1325 947 1364 uon

149 1385 296 1448 corporalem.
311 1397 325 1433 u
340 1385 400 1448 Ergo
412 1385 474 1450 ignis
486 1384 525 1438 ille
538 1395 585 1436 uon
601 1385 645 1436 erit
656 1393 786 1448 corporeus.

179 1459 204 1506 3.
220 1456 351 1519 Preterem
363 1455 425 1520 ignis
435 1467 557 1521 corporeus
566 1455 592 1506 in
601 1453 669 1508 ruodo
678 1466 727 1506 suu
739 1453 839 1508 notionis
850 1466 901 1508 non
915 1467 948 1506 sr-

100 1547 103 1551 ·
149 1526 225 1590 quitur
238 1525 330 1578 molum
347 1528 422 1590 oulpu
438 1526 464 1578 in
482 1537 510 1578 eo
528 1526 588 1591 quod
608 1525 804 1590 lumersheim,
820 1526 864 1578 seo
880 1526 948 1589 ungis

149 1597 242 1649 modurn
255 1596 345 1650 humidi
363 1597 400 1648 uel
413 1596 481 1660 siuel3
495 1597 521 1652 in
538 1597 618 1649 eodem
638 1597 700 1650 enim
712 1596 767 1660 iguo
780 1607 897 1660 corporeo
914 1598 948 1646 ri-

149 1667 229 1720 demus
244 1666 316 1732 afiligi
330 1668 420 1733 justum
438 1671 462 1720 et
476 1667 580 1733 impium.
596 1667 644 1720 Sed
658 1666 718 1730 ignis
739 1665 826 1719 interni
842 1665 870 1716 in
884 1668 949 1720 molo

149 1751 197 1791 suu
206 1739 305 1791 aelionis
317 1739 354 1792 rel
367 1738 512 1800 uliliotionis,
527 1738 630 1804 sequitur
641 1738 733 1789 modum
746 1736 820 1802 eulpae
832 1737 859 1788 iu
871 1750 902 1790 eo
912 1738 947 1801 qui

147 1808 253 1872 punitum
264 1809 324 1861 uude
334 1809 390 1862 dicit
398 1808 520 1874 Gregorius
528 1810 553 1860 in
561 1809 604 1860 lV.
615 1807 729 1872 Diutop..
738 1818 790 1872 nep.
800 1809 834 1858 tu
844 1822 852 1856 z
863 1824 880 1858 u
889 1810 949 1860 llum

148 1878 239 1942 quidem
249 1882 285 1931 ost
301 1879 412 1942 gehenne
423 1880 498 1944 iguis,
509 1880 550 1933 seul
563 1891 609 1931 uon
624 1890 671 1930 uuo
681 1877 749 1930 morlo
763 1877 855 1929 cruciat
867 1891 947 1944 peure-

148 1955 225 2014 tores3
239 1949 396 2014 uuusquisque
410 1949 474 2002 euim
485 1954 596 2015 quuumm
607 1949 680 2012 erigit
692 1947 759 2014 culpo
766 1983 778 2012 ,
791 1952 884 2001 unium
897 1961 949 2000 eeu·

148 2017 192 2071 liet
203 2019 231 2072 de
241 2029 344 2084 poene.»
362 2017 422 2084 Ergo
434 2019 497 2083 iguis
507 2019 547 2071 ille
560 2031 607 2071 uon
617 2023 653 2070 est
662 2029 793 2082 corporeus.
843 2036 846 2042 ·

179 2087 226 2142 Seri
239 2089 444 2153 contreest,r1uod
455 2089 536 2142 dicitur
546 2089 584 2140 lll.
601 2089 713 2162 Diolop„
726 2099 779 2152 etp.
788 2091 839 2140 29:
853 2089 947 2154 «Ignem

148 2159 260 2224 gehennae
273 2171 408 2240 purpureum
420 2171 473 2211 esse
483 2171 531 2213 nou
546 2159 644 2223 ambigo,
655 2160 680 2210 in
692 2170 738 2222 quo
751 2161 843 2211 mutum
852 2165 890 2213 est
899 2171 948 2210 eor·

179 2241 204 2283 ru
217 2240 322 2282 cruerarr.
335 2243 351 2279 u

132 2239 301 2368 ,weretune
313 2299 437 2364 sapient..
452 2301 482 2363 v,
491 2300 572 2352 dieitur
584 2317 590 2351 ε
607 2317 622 2350 u
635 2297 749 2365 Pugnabit
760 2299 824 2352 orbis
836 2305 947 2356 temtum

149 2372 226 2422 rontm
239 2369 375 2422 insensatos.
390 2385 406 2421 o
421 2371 465 2424 Sed
479 2384 526 2424 uon
538 2376 600 2424 tutus
613 2371 674 2423 ortis
689 2375 799 2422 terrarum
812 2375 898 2423 contre
909 2371 947 2422 'uu-

149 2443 251 2493 seusetos
264 2443 389 2504 pugnaret,
401 2441 421 2494 si
430 2442 571 2496 solumunodo
579 2439 800 2508 spiritualipoenoet
808 2451 860 2492 uon
870 2453 949 2507 corpo·

149 2508 189 2560 ruli
206 2509 349 2574 punirentur.
367 2509 427 2575 nugo
443 2512 566 2578 punientur
581 2513 635 2577 igne
650 2521 769 2576 corporeo.

180 2581 343 2644 (Concuusro
352 2607 383 2622 κ
391 2583 450 2634 Chul
460 2581 550 2648 corpori
563 2596 610 2636 uon
622 2582 697 2648 possit
706 2580 810 2645 adaptari
818 2592 893 2646 poenu
902 2581 947 2636 uisi

148 2660 269 2713 corporea,
282 2653 343 2716 iguis
362 2652 447 2704 inierui
463 2652 508 2706 erit
520 2658 655 2719 corporeum
669 2651 766 2704 menime
784 2651 837 2702 chun
857 2654 947 2706 ‹limtur

149 2721 257 2784 reprobos
271 2725 324 2786 post
334 2723 523 2776 resurrectionem
535 2723 561 2774 in
573 2723 649 2787 ipsum
663 2721 815 2774 detrudendos
826 2724 912 2788 esee.)

180 2789 317 2854 Respondeo
328 2791 461 2856 dicendum,
478 2791 540 2855 quid
555 2793 585 2844 (lo
597 2793 651 2856 igne
664 2790 749 2843 interni
765 2789 892 2854 multiplex
908 2792 952 2850 mn

151 2858 236 2934 opinio.
247 2861 341 2922 Quioum
351 2863 413 2926 euim
423 2862 555 2932 Philosophi
565 2864 606 2926 lut
618 2861 748 2926 tricenus)
757 2863 950 2921 resurectionem
