1924 3322
113 135 157 184 tit
237 143 437 195 surrentinorum,
454 144 546 193 coust.
565 143 671 200 cxxvtrr,
688 147 743 186 rur.
762 149 782 186 r.

111 223 461 290 ertis’euporioris,inducentis
474 226 570 276 sormam
583 227 621 276 rei
632 225 717 277 utentis
728 225 834 276 artificio
848 225 915 286 iacto,

111 294 159 345 fiite
173 298 200 346 ud
210 296 316 346 ultimum
332 309 384 346 uem
396 297 424 346 ad
442 310 509 359 quem
523 301 570 347 tota
586 301 674 348 nature
688 299 822 361 expectatio
836 296 918 355 teudi,

110 379 158 417 nou
171 372 247 430 potest
259 368 374 432 perueniri
388 369 520 432 operatione
535 373 630 420 nature.
646 371 674 419 Et
686 372 780 433 propter
799 370 849 419 hoc
864 381 919 418 cou-

109 440 196 490 sccutio
207 441 257 503 ejus
272 447 366 490 nonest
379 441 497 492 nutureIIs.

141 511 175 558 tid
186 510 289 572 quintum
301 509 420 562 dicendum
429 549 436 573 ‚
446 511 506 575 quiri
515 512 622 576 quemuis
632 526 677 563 uon
688 511 762 576 possit
771 525 829 562 esse
845 513 920 560 motus

111 583 234 642 naturalis,
251 582 290 645 qui
309 583 441 633 terminatur
455 586 482 634 ari
504 585 604 649 quictem
619 585 759 648 uiolentam,
775 588 863 634 temen
881 595 920 646 po·

112 655 156 702 test
173 664 223 702 esec
235 663 310 703 motus
323 666 369 704 nou
384 655 501 719 natur-uiis,
516 655 555 720 qui
568 655 702 706 terminetur
713 657 742 706 eil
751 655 861 719 quietem
882 665 920 702 nav

112 722 219 786 tuentem,
234 727 259 774 ut
273 737 302 774 ex
312 723 379 776 dictis
390 729 462 790 petet.

334 1070 502 1140 Quustto
520 1069 691 1136 LXXVIII,

175 1218 208 1262 Dc
221 1230 294 1264 coneo
308 1219 512 1268 recorrectionis,
526 1219 555 1263 tn
569 1221 617 1264 trec
629 1217 749 1263 articulos
763 1217 862 1264 divisa.

143 1369 229 1422 Deinde
246 1371 435 1423 considerandum
448 1374 485 1421 est
503 1371 530 1421 de
549 1383 618 1421 ceusu
631 1375 713 1422 nostrae
727 1367 917 1422 resurrectionis.

144 1443 207 1492 Circe
215 1442 275 1506 quod
289 1447 420 1506 queruntur
432 1441 493 1492 trie:
509 1445 534 1490 t0
545 1440 626 1494 Utetur
638 1442 774 1493 resurrectio
782 1441 874 1492 Christi
888 1440 919 1489 sit

113 1518 282 1636 {zusalwae
297 1513 480 1566 resurrectionis.
499 1517 527 1562 2⁰
541 1513 620 1564 Utrum
638 1527 684 1565 vor
703 1515 775 1565 tube.
791 1519 819 1563 3⁰
833 1511 916 1564 Utrirm

146 1598 173 1650 go
185 1601 201 1638 r.

415 1693 612 1748 turicutttst.
944 1683 945 1754 I

130 1819 215 1864 Utrum
229 1819 317 1864 Christi
326 1819 469 1864 resurrectio
480 1821 512 1864 sit
525 1830 597 1864 corruo
608 1819 695 1862 oostroe
706 1815 902 1862 recorrectionis.
944 1807 945 1882 I

146 1941 180 1995 Art
190 1944 287 2007 primurn
299 1944 333 1994 sic
345 1943 483 2008 proceditur.
499 1945 594 1996 Videtur
604 1942 665 2008 quid
677 1943 763 1993 Christi
779 1937 916 1993 resurrecti)

115 2029 161 2066 uou
174 2017 206 2066 sit
218 2029 286 2067 causa
300 2021 384 2066 uostrae
394 2016 573 2067 resurrectionis.
585 2014 659 2066 Potiti
670 2015 731 2066 cutm
743 2013 812 2066 corun
823 2012 917 2078 ponitur

115 2087 220 2138 etiectus.
237 2088 282 2142 Sed
297 2085 373 2151 positi
386 2087 550 2138 resurrectione
564 2087 649 2138 Christi
663 2099 711 2137 nou
725 2089 761 2138 est
777 2091 858 2136 secute
871 2087 916 2134 sta·

115 2159 156 2210 tim
169 2157 304 2210 resurrectio
318 2158 413 2208 altorum
426 2161 644 2224 mortuorum.Ergo
657 2157 794 2210 resurrectio
803 2157 858 2223 ejus
873 2165 917 2205 nou

114 2237 150 2281 est
163 2243 231 2280 ceusu
246 2231 519 2282 nocueruurrecttonie.

147 2306 171 2352 2.
188 2306 314 2364 Pretereu‚
330 2303 423 2353 effectus
437 2317 483 2353 uon
497 2308 573 2368 potest
589 2316 658 2364 csse,
674 2301 719 2352 utsi
732 2313 800 2351 ceusu
813 2309 916 2363 orecte

114 2378 178 2426 ecrit.
199 2375 242 2424 Scri
256 2375 390 2426 resurrectIo
408 2381 548 2426 uror-tuorum
563 2379 633 2436 esset,
647 2374 739 2425 etiamsi
752 2371 856 2423 Christus
872 2381 914 2420 nou

115 2445 291 2510 resurrexisset3
304 2451 356 2496 crat
365 2446 427 2498 coIm
440 2447 499 2498 etius
515 2448 598 2497 modus
609 2446 725 2510 possibilie
738 2446 784 2494 iteo
798 2448 824 2492 ut
840 2439 912 2494 homi·

114 2531 168 2568 uem
182 2519 303 2582 liberaret,
317 2519 376 2570 sicut
391 2521 523 2570 dictumest
541 2521 595 2583 (iil.
612 2523 683 2582 pert,
697 2531 737 2582 qu.
754 2519 799 2576 it,
814 2517 857 2564 art.
873 2511 912 2572 2).

115 2589 174 2652 Ergo
186 2591 319 2642 resurrectio
333 2590 417 2644 curisti
431 2605 478 2642 nou
497 2595 531 2640 est
545 2603 612 2640 causa
636 2594 718 2640 nostro
735 2582 912 2660 resurrectionis.

148 2666 172 2710 tt.
187 2663 313 2723 preterca,
324 2661 385 2712 idem
402 2667 438 2714 cst
457 2662 568 2712 factivum
587 2661 657 2712 unius
672 2661 696 2710 iu
710 2663 758 2710 tota
769 2670 816 2708 unc
830 2665 910 2720 specte.

115 2732 160 2783 Scri
172 2734 309 2786 resurrectio
322 2735 365 2786 erit
378 2735 485 2786 omuibus
498 2731 628 2784 immittitur
642 2731 778 2784 communis.
792 2729 851 2779 Ciu
862 2737 911 2788 crgo

115 2806 251 2856 resurrectio
261 2805 345 2856 Gtrristi
358 2819 404 2856 uon
414 2805 444 2856 sit
455 2819 525 2857 ceusu
539 2803 675 2869 suiipsius,
689 2801 787 2854 nouerit
797 2811 865 2851 causa
878 2809 910 2849 re·

117 2877 264 2932 surrectionis
275 2877 381 2929 oliorum.
