1958 3314
252 123 284 162 b!
298 121 361 162 LOCO
376 121 505 162 abillae!
520 121 579 162 POST
594 123 702 163 noum.
830 115 876 162 Μ

356 307 515 364 barbulus
533 311 591 366 vul.

73 437 162 489 Heriem
171 442 204 488 eil
216 442 279 488 idem
289 441 355 488 wella
364 453 411 500 quo
425 441 511 548 αηξηέῧ
520 443 670 498 permeatur,
677 443 702 512 al
711 453 757 500 quo
766 439 878 486 damnali

404 515 480 561 puram
509 517 548 548 ur.

98 655 134 706 ld
145 658 252 705 oolavum
265 653 297 706 sie
305 653 445 720 proceditur.
451 653 549 704 Videtur
557 653 617 718 quid
626 667 673 706 uon
688 654 717 706 sil
736 655 798 706 ilem
812 655 876 706 loeus

65 741 112 792 quo
126 727 213 778 animm
227 730 367 792 purgantur,
377 718 400 776 ei
418 739 463 790 quo
478 726 578 777 damnali
592 727 727 792 puniuntur.
742 727 798 788 Quia
807 741 876 791 poena

68 799 229 864 damnatorum
246 797 283 848 est
295 799 393 862 aelerna,
408 801 434 847 ui
454 795 534 848 dioilur
549 797 651 856 Murra..
674 797 735 849 XXV
755 813 761 848 ε
782 815 795 846 «
809 799 878 850 lbuul

65 870 89 920 lri
102 869 127 919 iu
144 870 222 932 ignem
235 873 352 920 aeiernum.
362 884 376 915 »
388 867 432 919 Sed
448 869 590 934 purgatorius
604 869 665 933 ignis
677 873 711 920 est
724 871 875 935 temporalis,

67 945 93 994 ut
111 941 223 1005 Magister
242 939 297 990 dieii
312 939 367 1004 (Ν.
388 939 501 990 Seniano.
522 939 626 991 disliuol.
651 939 729 1004 xiil).
748 941 807 1006 Ergo
830 954 877 993 nou

67 1013 139 1064 simul
158 1012 286 1076 puniuntur
299 1011 325 1064 bi
339 1016 363 1063 et
379 1009 413 1064 illi
433 1012 513 1064 eodem
536 1011 605 1078 igue3
620 1015 643 1064 el
662 1013 698 1064 sie
718 1017 808 1079 oporiet
828 1013 877 1066 looa

68 1098 120 1137 esse
138 1083 258 1136 distinete.

100 1161 126 1208 Ξ.
147 1157 278 1219 Praeterea,
290 1170 360 1222 pmua
374 1157 459 1210 ialemi
472 1159 603 1210 nominatur
619 1157 722 1224 pluribus
735 1159 875 1222 nominibua3

67 1233 94 1280 ui
106 1227 133 1280 in
152 1227 256 1280 Psalmo
267 1245 281 1278 «
289 1228 351 1294 iguis
360 1266 368 1294 ,
377 1229 485 1295 sulphur,
495 1233 519 1282 el
526 1230 619 1296 spiritus
635 1231 797 1295 procellarum,
806 1235 876 1282 ela.»

68 1303 113 1353 Sed
132 1314 203 1366 poeua
220 1301 345 1366 purgalorii
367 1315 414 1352 non
429 1301 473 1352 ulai
495 1316 541 1354 uuo
557 1299 650 1354 nomina
670 1301 817 1370 nominum,
832 1301 877 1354 sci-

70 1372 136 1436 licei,
153 1371 228 1436 iouia.
241 1371 300 1435 Ergo
310 1383 356 1424 uon
366 1373 445 1425 eodem
456 1373 509 1438 igne
520 1378 543 1425 el
555 1373 579 1424 iu
594 1373 673 1425 eodem
683 1373 733 1424 loeo
743 1373 877 1438 puniuntur.

103 1447 129 1496 l.
147 1444 275 1506 Praelerea,
288 1445 355 1508 Hugo
380 1445 408 1496 de
426 1444 510 1495 Soneio
530 1446 622 1495 Victore
640 1445 695 1495 dieii
709 1443 768 1509 (lib.
791 1445 819 1496 ll.
842 1447 879 1496 De

68 1516 252 1572 Sacramenlio,
264 1519 324 1581 pari.
335 1517 395 1578 xvi,
408 1528 458 1580 cap.
472 1520 486 1567 4
505 1531 511 1568 :
528 1533 542 1564 u
556 1515 676 1568 Probabile
690 1517 725 1567 eal
736 1513 797 1580 quod
807 1517 831 1566 ln
841 1517 877 1567 his

71 1587 130 1639 locis
145 1585 285 1652 puuiunlur,
296 1585 321 1637 in
334 1585 418 1651 quibus
431 1588 596 1638 commiserunt
612 1587 737 1652 eulpam.»
757 1587 878 1652 Gregorius

73 1660 147 1710 eliam
159 1657 184 1708 lu
199 1657 317 1724 Dz'oloqr‘r
332 1659 392 1722 (lib.
405 1659 445 1722 lv,
458 1671 509 1724 cap.
523 1664 551 1710 ill
562 1659 581 1722 l,
593 1662 669 1709 narrat
681 1659 741 1723 quod
753 1659 878 1710 Germanus

68 1730 195 1795 episeopus
212 1732 333 1794 &prauus
353 1729 502 1782 paschasium
518 1730 597 1794 quiin
615 1729 704 1780 balneis
724 1730 877 1794 purgabatur,

67 1802 171 1853 iuuerit.
183 1801 241 1866 Ergo
250 1802 275 1852 iu
286 1802 336 1854 loeo
349 1801 434 1852 iulerni
445 1814 491 1852 non
500 1806 634 1868 purgantur,
646 1801 685 1853 sed
697 1801 722 1852 iu
731 1804 774 1852 boc
782 1801 875 1852 mundo.

101 1873 150 1924 Sed
172 1875 250 1923 conlra
268 1874 321 1938 esi,¹
337 1873 398 1937 qubrl
415 1873 538 1936 Gregorius
558 1872 708 1940 dicitquod,
732 1891 742 1918 u
761 1873 820 1924 sicul
835 1875 877 1924 sub

72 1946 155 1996 eodem
170 1945 222 2008 igue
237 1957 316 1995 aarum
328 1945 439 1994 rutilabat
451 1944 516 2010 palea
529 1943 612 2006 rumai,
622 1943 654 1995 ila
669 1945 710 1996 sub
729 1945 809 1996 eodem
820 1945 875 2008 igne

70 2021 178 2084 perealor
195 2021 307 2067 crematur
322 2019 345 2066 el
357 2017 443 2067 alerius
458 2021 573 2082 purgatur.
586 2033 600 2065 o
616 2019 673 2082 Ergo
687 2017 747 2068 idern
762 2019 797 2067 est
812 2016 875 2082 ignis

69 2089 198 2153 purgatorii
214 2093 237 2139 el
250 2087 348 2151 iulerni3
365 2091 388 2139 el
402 2087 434 2138 aie
449 2089 473 2138 iu
489 2091 569 2140 eodem
586 2089 637 2140 loeo
653 2091 716 2139 sunl.

103 2165 235 2222 Praeterea,
250 2160 322 2210 sancii
340 2161 420 2212 Palres
440 2163 493 2212 aule
507 2161 630 2212 adveutum
644 2160 729 2211 Christi
743 2159 836 2210 luerunt
849 2159 873 2208 iu

69 2235 120 2284 loco
138 2217 336 2296 digniori,⁰qubm
356 2233 386 2282 sii
399 2231 462 2282 loeus
474 2232 499 2282 iu
512 2246 556 2296 quo
572 2243 632 2282 nuuc
650 2234 775 2296 purgantur
797 2229 878 2280 aalma

72 2309 127 2370 post
145 2308 257 2368 morlem3
273 2303 327 2368 quia
341 2315 388 2354 nou
402 2308 450 2356 erat
463 2303 495 2355 ibi
515 2303 591 2369 ailqua
606 2315 674 2367 paena
693 2299 816 2353 sensibilis.
829 2303 875 2352 Sed

73 2379 141 2430 loeus
162 2375 200 2426 ille
220 2378 269 2426 eral
286 2375 422 2439 conjunctus
442 2375 531 2426 inleruo
544 2376 582 2426 uel
600 2374 661 2425 idem
674 2375 733 2438 quod
755 2373 873 2436 iulernus;

76 2449 133 2499 alias
148 2446 269 2508 Christus,
287 2446 316 2498 ad
327 2445 421 2498 limbum
434 2448 591 2509 descendeus,
604 2459 650 2497 nou
664 2444 777 2496 diceretur
795 2446 823 2496 ad
838 2446 877 2494 iu-

75 2523 135 2572 leros
155 2519 307 2570 descendisse.
323 2519 381 2582 Ergo
399 2522 422 2570 el
440 2517 593 2584 purgatorium
611 2521 646 2568 eal
665 2517 689 2565 iu
713 2515 791 2567 eodem
809 2515 875 2577 loeo,

77 2593 113 2642 uel
124 2593 191 2656 juria
205 2591 329 2640 infernum.

111 2664 272 2726 (cormusro.
281 2662 376 2726 -Lege
390 2661 504 2714 ordinaria
515 2663 577 2712 loeus
589 2661 612 2709 ia
626 2673 670 2724 quo
685 2659 766 2709 animm
777 2671 875 2732 pur-guu-
903 2690 927 2721 J

76 2738 126 2796 lor,
139 2737 174 2786 esi
188 2735 327 2798 coniunctus
347 2734 368 2784 ei
385 2733 409 2783 iu
430 2747 475 2796 quo
490 2731 591 2784 damnali
604 2729 757 2796 puniuntur.)

109 2805 244 2872 Respouleo
264 2803 402 2865 dicendum,
415 2803 474 2870 quoi
489 2805 516 2854 rlo
537 2805 586 2853 loro
602 2801 728 2872 purgaborii
741 2813 787 2852 uon
806 2801 878 2852 inue—
913 2833 939 2876 J

85 2876 142 2929 uitur
154 2875 241 2944 aliquid
250 2873 358 2941 expresse
366 2875 542 2929 determinatum
552 2874 715 2940 inscripturus
728 2885 771 2924 aee
780 2872 879 2924 rationes
