1922 3332
183 192 216 232 ns
230 193 289 235 rursu
304 189 399 232 unsrun
415 189 644 234 contemtionis.
767 183 813 230 897

311 379 474 431 sustentus
489 380 529 430 IV.

94 504 181 550 Uirium
191 503 255 560 tuuis
264 502 306 548 ille
313 503 427 560 purpubit
437 502 510 548 etium
525 504 593 550 coelos
602 507 743 562 asperiores.

50 632 82 681 td
96 636 202 694 quartum
216 631 249 681 sie
266 631 404 695 proceditur.
416 630 510 680 Videtur
522 629 582 694 quood
592 630 652 694 ignis
664 632 701 684 ille
715 633 822 698 purgabit

23 701 84 752 etiarn
102 703 171 753 eoe'ros
189 703 325 767 superiores.
340 702 398 762 Quin
411 703 435 750 in
449 701 546 752 Psutm.
559 702 596 760 Gt,
608 703 733 754 dicituro«
744 707 819 768 Opere

23 787 125 824 neruum
134 779 224 824 tuururn
234 779 288 826 sunt
298 774 358 826 ooeli.
371 774 418 838 Ipsi
426 775 539 838 peribunt,
548 777 574 824 tu
584 777 659 824 sutem
668 789 817 838 permanes.»

24 844 61 894 son
79 846 151 896 etism
168 845 297 910 superiores
311 845 363 896 ooeli
377 850 432 895 sunt
443 857 511 908 opere
531 857 639 896 munuum
653 845 702 898 Dei.
717 849 775 910 Ergo
795 852 818 900 et

22 915 62 980 ipsi
78 918 103 966 in
113 917 178 967 inuti
192 917 228 966 illu
241 916 318 967 muudi
329 915 504 978 ronssngretione
517 917 631 982 peribunt.

52 989 246 1049 serunensis
257 989 336 1044 Pete..
345 989 383 1048 ΙΙΙ,
394 989 485 1039 dieitur:
495 1006 509 1037 u
516 988 685 1040 Coeiisrrlentes
692 990 817 1054 solventur,

23 1061 160 1114 etsteueutr
168 1059 314 1124 iguissrdure
325 1060 449 1110 tabescent.
459 1077 473 1107 u
483 1059 538 1112 Coeti
546 1067 621 1110 auteur
633 1061 673 1123 qui
683 1062 711 1111 eb
719 1063 818 1114 elemen-

22 1131 47 1180 tis
56 1130 245 1194 distinguuntur,
259 1133 313 1180 surrt
324 1130 377 1182 costi
390 1131 518 1194 superiores
532 1131 650 1194 inquibus
662 1133 706 1182 tire
720 1139 773 1183 suut
787 1135 819 1184 si-

22 1204 76 1254 dera.
86 1205 148 1267 Ergo
155 1202 245 1252 ridetur
254 1202 313 1266 quon
324 1203 392 1252 etiarn
402 1201 434 1252 itti
446 1204 571 1266 perignem
580 1202 643 1252 itluru
653 1204 817 1268 purgabuntur.

49 1281 70 1327 3.
82 1277 210 1338 Praeterea,
219 1273 279 1337 iguis
295 1273 334 1324 ilie
350 1274 379 1324 ed
386 1277 434 1324 hoe
442 1276 487 1328 erit
497 1279 523 1325 ut
537 1275 676 1327 removente
686 1277 819 1340 corporibus

21 1342 217 1411 indispositiunem
232 1346 260 1396 ad
276 1345 438 1408 pertentioueru
452 1347 538 1409 glorie.
550 1347 593 1398 Sed
604 1347 629 1396 iu
640 1347 697 1398 coelo
707 1347 820 1412 superiori

20 1418 134 1468 invenitur
147 1418 309 1482 indispositio,
331 1421 396 1468 etex
411 1423 476 1482 perte
497 1419 584 1482 culpus,
601 1419 771 1482 quinidiebolus
786 1417 819 1470 ini

21 1492 137 1553 perenuit3
153 1495 176 1540 et
188 1505 218 1542 ex
240 1493 303 1552 perte
324 1489 433 1538 naturalis
452 1490 569 1553 resectus,
591 1490 645 1554 quia
659 1491 740 1548 Rom„
757 1491 817 1552 vult,

21 1575 84 1626 super
103 1561 162 1612 iliud
181 1577 186 1612 :
206 1559 322 1610 «Scimus
339 1559 401 1624 quon
417 1561 493 1612 omnis
514 1567 616 1612 creature
630 1561 780 1626 ingemiseit,
796 1566 819 1613 et

22 1634 112 1696 parturit
126 1645 198 1695 usque
214 1631 303 1695 adhue,
318 1648 331 1678 u
343 1631 397 1682 uiuit
407 1632 505 1682 Glossa:
523 1650 537 1680 u
551 1632 755 1684 Omniueteruente
766 1647 818 1684 eum

11 1704 91 1756 ‘labne
105 1705 201 1769 explent
212 1703 285 1756 officia
297 1717 346 1766 sue,
355 1704 414 1754 siout
426 1705 490 1757 solet
498 1705 552 1754 lune
562 1719 608 1755 non
622 1703 673 1755 sine
681 1705 756 1756 tutore
770 1709 819 1757 sta-

23 1782 67 1828 tute
79 1778 124 1828 sibi
139 1775 236 1840 impleut
253 1775 335 1840 sputis.
354 1792 369 1823 u
383 1775 442 1840 Ergo
456 1775 526 1826 etium
543 1777 595 1826 cosli
609 1776 764 1840 purgabuntur
777 1790 818 1842 per

22 1850 180 1912 iguemilluur.

50 1921 92 1972 Sed
106 1925 187 1971 eontra
204 1924 252 1984 est,
267 1920 326 1985 quod
345 1933 439 1986 corpore
455 1919 555 1972 coelestia
573 1919 697 1986 peregrine
718 1920 816 1986 impres-

24 1989 89 2042 sionis
102 1991 221 2056 receptiva
233 1996 351 2042 uousuut.
417 2036 419 2041 .

50 2066 179 2125 Praeterea,
194 2077 262 2127 super
276 2064 332 2114 illud
352 2065 382 2116 11.
405 2063 522 2121 Thessal„
537 2065 568 2116 1:
584 2066 634 2116 «iu
648 2065 738 2115 flamme
757 2063 818 2128 iguis

24 2135 94 2186 dantis
107 2135 270 2197 urrunnu»
285 2136 340 2186 dieii
354 2137 453 2187 Glossa:
471 2153 485 2184 u
495 2137 558 2198 iguis
569 2137 612 2188 erit
627 2137 650 2188 in
664 2138 762 2197 mundo,
778 2137 819 2198 qui
872 2151 874 2154 ·

24 2209 132 2268 precedet
144 2221 212 2268 eum,
227 2211 316 2258 tuntum
329 2208 428 2270 spatium
440 2207 498 2258 ueris
511 2221 640 2272 occupans,
654 2211 765 2271 quantum
779 2221 818 2258 oe·

25 2279 113 2340 cuparii
122 2291 181 2341 aqua
194 2279 217 2327 iu
227 2279 323 2330 diluuio.
335 2296 347 2326 u
364 2281 407 2330 Sed
419 2292 477 2343 nque
486 2280 567 2330 diluvii
576 2292 622 2330 nou
636 2277 736 2330 aseendit
749 2291 820 2342 usque

26 2351 49 2400 ed
63 2350 193 2414 superiores
210 2350 295 2414 eoelus,
310 2353 350 2402 seut
364 2350 436 2402 sotium
452 2351 581 2414 quindecim
595 2352 678 2402 cubitis
690 2363 760 2415 super
771 2351 822 2400 ulti·

27 2421 123 2472 tudinem
145 2422 271 2484 montium,
289 2427 314 2472 ut
332 2424 427 2472 hahetur
441 2423 538 2479 Gerros,
552 2423 605 2472 th.
621 2425 679 2486 Ergo
693 2422 821 2488 superiores
841 2479 843 2484 ,

26 2493 72 2543 eseli
84 2494 125 2545 ille
139 2494 193 2558 igne
203 2507 250 2544 nou
262 2495 427 2560 purgabuntur.

55 2565 256 2624 (Concuusro.-
265 2567 396 2630 Superiores
409 2567 478 2627 eoeli,
492 2565 545 2618 oium
559 2565 617 2616 nihil
631 2566 659 2615 de
673 2577 752 2632 eorum
766 2566 823 2616 sub-

26 2637 106 2687 stantia
123 2637 236 2688 removeri
254 2641 371 2701 oportent,
389 2651 432 2690 neo
450 2636 504 2701 igne
519 2651 562 2688 neo
575 2635 618 2686 ulis
638 2631 718 2699 queuis
732 2636 823 2688 notione

26 2713 190 2776 purgabuntur3
204 2713 245 2764 seul
259 2711 309 2775 ipsu
321 2725 399 2762 eorum
413 2713 478 2774 quies
491 2716 514 2762 et
533 2709 609 2761 motus
622 2709 719 2762 cessatio
732 2709 781 2762 solt
792 2711 825 2762 oi-

26 2783 76 2835 uiui
89 2787 208 2836 uoluntate
221 2784 341 2848 assidens,
354 2785 404 2836 ioco
413 2785 556 2849 purgationis
569 2784 640 2850 erit.)

54 2857 190 2920 uespouneo
201 2856 337 2920 uisendum,
350 2855 410 2920 quod
424 2857 528 2921 purgatio
543 2855 621 2906 muudi
635 2855 663 2908 sd
677 2859 721 2908 hoe
737 2856 781 2906 erit
798 2860 823 2905 ut

28 2935 167 2983 renouentur
180 2929 193 2980 t
205 2927 336 2993 corporibus
354 2928 473 2997 dispositio
495 2927 607 2982 contrariu
626 2927 760 2994 perfectioni
775 2927 823 2991 pto·

119 3043 173 3087 vru.
702 3029 734 3080 12
