1954 3314
190 183 223 224 b!
239 185 391 226 limium!
406 141 532 224 EORPORU!
547 183 680 223 ssnlondu.
786 173 830 219 505

334 368 492 420 ninculus
510 369 548 419 lll.

32 494 126 540 vitiem
139 505 183 550 uer
192 493 335 538 miraculum
350 495 405 602 7}de
416 495 490 600 poslsgg
503 493 564 550 quod
579 493 626 538 duo
635 502 733 550 eorporn
742 491 792 538 rint
801 494 829 540 in

401 565 437 598 em
490 567 512 597 o.

65 681 102 734 nd
119 681 213 734 tertium
227 683 259 732 sio
268 681 404 746 proceditur.
415 681 507 736 videm
522 681 583 746 qubd
593 694 635 732 neo
651 683 719 734 etism
733 693 774 748 per
786 681 829 732 ni-

34 751 142 803 msnlum
154 751 203 802 deri
215 751 286 816 possit
297 751 357 816 qudi
367 752 411 802 dno
422 763 515 815 ooroorn
523 751 569 802 sint
580 751 606 800 in
614 751 695 803 eodem
708 751 767 804 loon.
776 751 827 802 lion

34 822 100 874 enim
115 823 192 886 potest
202 820 250 872 ieri
261 835 300 886 per
314 822 443 873 miraculum
454 820 514 884 quod
533 822 578 874 duo
591 834 684 885 corpora
696 820 743 872 sint
760 821 828 872 simol

35 894 82 943 dno
97 895 122 942 et
132 905 218 956 nuum,
228 891 280 954 nnis
295 891 338 944 hoe
349 895 410 942 esset
420 891 494 943 intere
504 890 675 943 contradictorie
687 904 736 943 esse
749 891 827 942 simul.

35 959 83 1011 sed
104 961 126 1012 si
139 965 237 1026 ponatur
250 961 294 1012 dun
309 973 402 1026 corpora
417 973 468 1011 esse
480 960 561 1021 simul,
579 963 709 1026 sequeretur
723 961 761 1012 illu
783 962 827 1012 duo

38 1043 137 1095 corpore
147 1042 199 1082 esse
208 1043 287 1082 unum.
297 1032 355 1094 lingo
364 1034 455 1082 nonest
466 1031 574 1098 possibile
587 1033 632 1083 boo
641 1043 682 1095 per
693 1031 826 1082 miraculum

37 1099 97 1151 lieri.
113 1099 220 1153 Probstio
230 1100 310 1153 medis
324 1117 330 1151 :
344 1101 390 1151 siut
402 1102 447 1152 dno
459 1113 552 1166 corpora
562 1101 587 1150 in
599 1100 678 1152 eodem
692 1101 758 1162 loeo,
769 1112 825 1164 qno·

37 1179 88 1219 mm
100 1181 174 1222 unum
183 1169 269 1221 dicutur
277 1172 305 1231 Α,
317 1175 340 1222 et
349 1171 409 1222 uliud
419 1170 448 1221 B.
459 1172 563 1233 tutergo
572 1168 724 1220 dimensiones
734 1171 828 1220 nerunt

38 1237 128 1292 eedem
141 1251 193 1290 oum
205 1239 381 1294 dimensionibus
394 1241 454 1304 loni,
469 1245 510 1292 eut
521 1240 579 1290 siin.
589 1239 614 1288 Si
626 1238 687 1300 niis,
698 1251 751 1302 ergo
761 1245 827 1289 erunt

38 1307 121 1372 alique
134 1309 289 1361 dimensiones
298 1313 409 1374 separate
418 1311 492 1376 ;qnod
503 1323 549 1362 non
558 1312 635 1373 potest
648 1309 715 1371 poni,
727 1308 780 1370 quin
793 1308 827 1357 di·

38 1379 170 1431 mensiones
188 1391 238 1442 qne
257 1383 310 1432 suut
326 1380 387 1430 inter
397 1379 505 1431 terminos
518 1380 577 1440 loci,
588 1391 634 1429 nen
646 1381 699 1428 sont
711 1377 734 1426 in
752 1375 827 1440 ntique

37 1445 157 1510 subjecto,
168 1447 212 1498 nisi
230 1447 276 1500 sint
290 1449 313 1499 in
327 1461 419 1514 minore
431 1448 551 1502 luminii
565 1451 642 1500 sutem
660 1450 713 1500 sunt
729 1446 826 1509 eredens,

37 1525 91 1579 ergo
104 1515 184 1567 eedem
195 1515 282 1586 notione
299 1517 450 1572 dimensiones
463 1519 481 1568 B
493 1521 559 1571 urunt
573 1517 658 1568 eedem
671 1529 724 1565 enm
737 1515 824 1566 dimen-

38 1581 141 1636 sionibus
158 1584 209 1637 losi.
222 1585 267 1638 Sed
284 1597 459 1653 «qnestusque
473 1586 513 1638 nni
530 1591 554 1638 et
573 1587 646 1638 sidem
661 1587 716 1637 sunt
728 1583 824 1645 endem,

38 1653 81 1703 sibi
93 1652 189 1705 invicem
206 1659 258 1705 sont
269 1655 346 1707 sedern
356 1657 402 1720 (l).
418 1655 500 1719 »Ergo
512 1655 665 1708 dimensiones
679 1656 729 1705 det
742 1654 760 1703 ll
771 1666 826 1705 snm

38 1721 132 1773 eedem.
145 1722 190 1774 Sed
208 1725 301 1776 duorum
315 1737 432 1790 corporum
449 1737 495 1775 nou
509 1729 604 1789 possunt
621 1735 672 1774 esse
689 1721 773 1774 eaedern
786 1723 825 1775 di-

40 1791 181 1854 mensiones,
194 1794 254 1845 sient
271 1807 313 1846 nes
328 1796 406 1847 eudem
419 1795 506 1848 albedo.
525 1795 584 1858 iimo
595 1797 616 1844 A
627 1795 677 1846 etii
691 1798 745 1844 sunt
755 1807 825 1846 onum

40 1874 133 1926 eorpns3
143 1865 166 1914 et
174 1867 238 1914 erent
249 1864 302 1915 duo.
313 1864 370 1930 lirgo
383 1868 436 1916 sunt
448 1863 516 1916 simol
527 1877 596 1916 unum
610 1868 635 1916 et
644 1865 696 1916 duo.

71 1936 94 1980 s.
107 1933 232 1996 sinerer,
246 1937 323 1984 onutnn
336 1947 468 1988 commones
478 1933 548 1985 enimi
558 1936 717 2000 oonosptiooes
727 1947 773 1986 uon
783 1947 824 2000 po·

41 2007 86 2052 test
98 2003 182 2066 aliquid
202 1999 333 2056 mimdulosb
349 2005 412 2068 deni,
425 2009 452 2056 ut
466 2005 553 2057 scilieet
572 2017 631 2071 pers
641 2017 686 2058 non
703 2006 734 2056 sit
753 2005 826 2055 minor

40 2075 100 2136 toto;
111 2073 161 2137 quis
173 2075 283 2126 contrarie
299 2075 455 2128 communibus
472 2075 657 2142 mnoeptinntbns
670 2073 755 2127 direnti
773 2085 826 2126 oon·

41 2141 194 2194 indictionem
207 2144 333 2196 inolndnut.
345 2144 453 2197 Similiter
462 2159 505 2198 neo
514 2151 591 2198 contra
602 2143 758 2198 oonolusiones
771 2155 824 2206 geo·

41 2213 125 2266 metris
134 2250 140 2274 ,
149 2227 199 2278 que
208 2213 224 2265 i
233 2215 388 2268 communibus
400 2216 469 2267 enimi
477 2212 664 2281 soneeplionibns'
673 2213 824 2265 infallibiliter

42 2283 191 2348 deducuntnn3
211 2283 270 2336 siout
289 2284 350 2350 qudo
370 2285 495 2351 triangulus
509 2297 555 2338 non
573 2287 653 2337 babeat
670 2288 716 2336 tres
729 2283 824 2346 angulos

42 2353 138 2418 enodes
150 2354 235 2406 duobos
248 2353 328 2406 nentis.
339 2355 447 2407 Similiter
462 2368 504 2406 noe
518 2355 601 2418 aliquid
612 2356 688 2420 potest
698 2353 747 2402 deri
759 2351 782 2402 in
796 2353 824 2402 li-

42 2437 82 2476 nes
99 2426 175 2476 contra
188 2425 342 2477 definitionem
354 2427 433 2490 linere,
450 2427 504 2490 quir
520 2437 624 2490 seperare
643 2423 824 2474 definitionemi

43 2494 142 2557 delinito,
154 2499 189 2546 est
206 2506 289 2562 ponere
303 2495 347 2546 duo
365 2493 536 2547 oontrsdietonia
556 2507 605 2546 esse
622 2493 701 2544 simul.
717 2493 761 2544 Sed
780 2494 825 2544 duo

44 2574 132 2628 cornone
149 2563 238 2618 esseio
257 2565 336 2617 eodem
357 2565 422 2627 loeo,
438 2569 474 2618 est
496 2568 572 2617 sonim
593 2563 751 2616 eonolnsionos
771 2575 824 2627 geo·

74 2724 104 2788 (1)
114 2729 179 2775 Uien
195 2727 228 2774 lll
239 2727 377 2784 Pbysieor„
395 2732 453 2772 tesi.
469 2725 499 2770 19
518 2738 545 2771 se
557 2725 679 2786 deinceps,
689 2725 765 2784 colligi
783 2739 824 2784 po·

45 2791 150 2896 :aphet
162 2791 259 2845 Pinnio.
268 2791 293 2848 l,
309 2789 367 2834 slent
377 2789 490 2835 nxiomnls
506 2795 530 2833 et
542 2787 608 2834 sedne
620 2789 692 2833 nitunt
701 2821 706 2846 ,
716 2788 823 2834 nimirum

129 2957 177 2994 vrrs.
700 2945 731 2991 id
