2026 3304
149 147 195 196 itt
307 156 506 204 consueuerant,
523 155 618 200 onnsr.
635 155 676 204 ιι,
692 154 748 192 aar.
770 155 794 193 v.

149 232 270 298 superficie
281 245 380 296 corpus3
395 236 419 282 et
427 230 525 283 ultorihs
537 244 578 295 per
586 231 655 281 talem
670 230 763 281 modum
774 241 894 294 protessus
911 231 957 282 aii·

150 305 202 368 quia
218 316 267 354 esse
279 316 325 354 non
338 307 423 368 potest.
434 302 566 353 Invenimus
581 306 657 352 autem
670 301 695 350 in
704 311 814 364 processu
828 301 960 355 attinentia

151 375 208 426 duos
224 375 304 424 modos
319 375 402 438 quibus
419 372 539 424 vinculum
559 372 694 437 hujusmodi
709 375 818 422 causatur
835 387 840 422 ε
859 385 918 422 unus
932 385 964 424 es

149 459 192 511 per
208 446 283 496 earnis
302 446 506 510 propagationem,
521 445 597 496 ethic
612 457 702 508 semper
719 443 774 493 iacit
788 444 890 494 eamdem
903 456 962 508 spe·

151 517 209 567 ciem
223 517 369 581 attinentie3
386 517 445 568 alius
459 529 500 581 per
513 515 701 567 matrimonialem
718 514 920 580 conjunctionem,
934 520 963 568 et

152 588 191 639 hic
200 588 255 638 iacit
264 588 333 638 aliam
344 588 445 652 speciem
454 588 479 638 in
488 587 611 653 principio,
622 587 681 638 sicut
690 589 752 651 patet
766 586 827 650 qndd
836 588 965 652 conjuncta

154 657 351 710 matrimonialiter
365 659 550 723 consanguineo,
561 672 606 709 non
619 659 644 708 iit
658 658 842 722 consanguinea,
856 659 897 710 sed
908 657 964 709 aid·

153 728 200 780 uis.
210 728 284 792 Unde,
302 729 322 780 si
336 729 374 782 ilie
386 733 468 783 modus
476 730 614 796 procedendi
623 729 726 792 iteretur,
738 742 784 779 non
793 728 837 778 erit
845 727 962 793 adfinitas,

154 802 194 853 sed
213 802 274 852 atiud
290 802 418 855 attinentin
433 816 519 867 genus3
536 803 596 853 unde
615 815 713 866 persona
733 815 785 865 qua
802 801 965 853 matrimonia·

155 871 208 924 liter
221 871 284 922 ethni
306 873 461 938 conjungitur,
474 886 521 924 non
540 876 575 923 est
591 871 667 922 affinis
676 909 684 935 ‚
699 871 738 922 sed
757 874 794 922 est
807 870 869 921 aliud
886 885 965 934 genus

157 942 295 1008 attinentia,
304 945 365 1008 quod
379 945 463 996 dicitur
474 943 598 996 secundiani
611 942 732 994 affinitatis
741 956 822 1007 penus.
831 942 861 992 Et
870 957 964 1008 rursus,

157 1014 252 1066 siasiim
267 1016 409 1067 insecundo
424 1029 509 1078 genere
522 1015 605 1081 aliquis
621 1029 662 1080 per
674 1014 843 1066 matrimonium
859 1015 966 1079 conjun-

156 1089 237 1150 gatur,
252 1087 348 1139 nouerit
358 1087 577 1139 aibnisinsecundc
589 1099 684 1150 genere,
694 1085 769 1137 sedin
783 1085 861 1148 tertio,
874 1088 901 1135 ut
916 1085 967 1138 boc

157 1169 226 1217 ,versu
237 1157 306 1223 suprb
318 1157 394 1223 posito
408 1155 553 1209 ostenditur:

298 1285 306 1305 ι
316 1270 379 1310 urum
387 1276 447 1318 nupta
457 1280 524 1317 genus,
536 1267 569 1306 sed
579 1275 669 1316 generata
678 1267 766 1318 gradum.
777 1283 785 1303 ι

160 1373 188 1424 uu
201 1374 252 1424 baec
263 1373 307 1424 duo
318 1384 401 1435 genera
415 1371 469 1421 olim
484 1373 548 1420 erant
562 1369 690 1434 prohibita,
702 1373 796 1434 propter
808 1368 905 1433 pubicae
918 1371 967 1423 bo·

160 1443 255 1495 uerutis
270 1441 401 1507 justitiam,
417 1440 489 1505 magis
503 1439 572 1504 quim
585 1444 678 1504 propter
690 1440 823 1490 affinitatem
830 1476 838 1504 ,
856 1440 910 1504 quia
922 1442 968 1495 de·

159 1514 242 1571 ficiunt
253 1515 266 1564 a
278 1526 333 1565 uera
347 1513 472 1576 affinitate,
488 1512 546 1563 sicut
555 1511 593 1562 itta
608 1512 729 1562 attinentia
741 1525 792 1576 qun
805 1524 833 1562 cr
842 1514 969 1577 sponsali-

162 1585 204 1634 bus
216 1586 365 1638 contrahitur.
374 1584 419 1635 Sed
430 1583 497 1636 modb
511 1583 548 1633 illa
557 1583 679 1648 prohibitio
693 1583 809 1645 cessavit,
824 1586 970 1638 et'remanet

157 1656 204 1708 sub
215 1656 369 1720 prohibitione
386 1655 460 1707 solium
472 1655 573 1722 primum
589 1667 662 1720 genus
681 1653 814 1717 affinitatis,
828 1654 854 1704 in
866 1667 914 1720 quo
928 1661 970 1710 est

162 1739 217 1778 vera
235 1726 340 1778 affinitas.

195 1797 229 1847 ad
238 1797 336 1860 primum
350 1809 403 1861 ergo
417 1797 547 1859 dicandum,
561 1794 622 1860 quod
636 1795 704 1846 alicui
717 1795 766 1846 uiro
778 1797 968 1860 consanguineus

164 1867 242 1917 uxoris
258 1880 305 1918 suar
320 1867 419 1918 cidcitur
438 1867 514 1917 affinis
526 1867 551 1915 in
564 1867 638 1931 primo
650 1879 746 1930 genero,
761 1871 785 1919 et
798 1881 855 1918 uxor
873 1868 926 1931 ejus
939 1869 970 1921 in

164 1937 271 1988 secundo.
287 1937 366 2001 Unde,
376 1939 465 1988 mortuo
475 1938 525 1990 uiro
538 1937 578 2002 qui
592 1940 642 1988 crat
655 1935 746 1999 affinis,
758 1951 804 1990 uon
816 1937 900 2002 poterit
908 1951 969 1990 ¹eam

163 2009 246 2060 ducere
259 2008 283 2058 in
297 2021 392 2060 uxorem
405 2012 498 2073 propter
509 2009 634 2060 secundum
648 2008 769 2061 adfinitatis
783 2023 864 2074 genus.
878 2007 970 2062 Simili-

163 2080 293 2145 teretium,
307 2080 328 2131 si
341 2080 424 2143 aliquis
438 2080 531 2132 uiduam
543 2081 567 2132 in
578 2093 673 2132 uxorem
685 2081 766 2142 ducat,
777 2079 971 2144 consanguineus

163 2149 307 2218 priorisuiri,
316 2151 481 2216 quiestatbnis
490 2151 554 2204 uxori
562 2152 587 2204 in
595 2151 668 2215 primo
677 2164 771 2215 genere,
780 2151 970 2206 etheituraffimis

162 2223 263 2276 secundo
272 2222 322 2276 uiuo
336 2221 361 2274 iu
374 2224 475 2276 mcuudo
492 2236 589 2288 genere,
601 2226 625 2273 et
638 2235 695 2274 uxor
709 2222 772 2273 itlius
783 2221 967 2288 consanguinei,

161 2308 213 2359 que
227 2298 262 2346 cst
284 2294 359 2346 affinis
372 2295 439 2345 uxori
451 2294 495 2346 uiri
510 2294 579 2359 hunus
594 2295 619 2344 in
634 2293 734 2346 secundo
751 2305 848 2358 genere,
865 2293 969 2348 efficitur

160 2366 236 2416 ubiuis
251 2366 299 2418 viro
310 2366 409 2418 secundo
423 2366 448 2416 in
463 2365 532 2420 tertio
548 2378 641 2428 genere.
660 2365 690 2416 Et
708 2365 762 2429 quia
780 2365 873 2416 tertium
889 2378 968 2428 genus

159 2440 209 2493 erat
228 2437 364 2501 prohibitum
383 2441 475 2502 pmptar
489 2438 632 2490 honmhtem
653 2436 788 2501 quamdam,
804 2435 877 2498 nugis
893 2436 967 2500 quem

158 2508 415 2572 properaturarum,
434 2508 486 2558 ideo
505 2507 584 2559 Canon
606 2506 679 2558 dicit:
699 2507 826 2560 uhuorum
843 2507 967 2560 consobri-

157 2592 239 2630 norum
249 2593 332 2631 uxores
345 2580 385 2632 uni
396 2579 445 2630 uiro
458 2577 551 2630 alteram
568 2581 621 2643 post
639 2578 732 2630 alteram
751 2579 855 2642 nubere,
869 2577 966 2644 prober

158 2649 286 2700 honestatis
296 2649 387 2715 justitia
398 2648 563 2702 contradicit.»
576 2650 619 2702 Sed
631 2650 683 2702 talis
697 2649 823 2714 prohibitio
835 2663 896 2700 nuuc
910 2664 966 2704 ces-

159 2719 228 2772 savit

189 2791 224 2842 bd
237 2793 363 2844 secuudum
372 2793 505 2856 dicendum,
521 2791 591 2858 quod,
606 2792 818 2857 quumviscarnatis
829 2793 965 2859 conjunctio

158 2861 298 2928 coniungat,
316 2876 362 2918 uou
379 2867 455 2918 tamen
468 2863 550 2918 eodem
564 2877 647 2930 genere
658 2864 836 2930 conjunctionis.
