<?xml version="1.0" encoding="UTF-8"?>
<!DOCTYPE html PUBLIC "-//W3C//DTD XHTML 1.0 Transitional//EN"
    "http://www.w3.org/TR/xhtml1/DTD/xhtml1-transitional.dtd">
<html xmlns="http://www.w3.org/1999/xhtml" xml:lang="en" lang="en">
 <head>
  <title>
</title>
<meta http-equiv="Content-Type" content="text/html;charset=utf-8" />
  <meta name='ocr-system' content='tesseract 3.04.00' />
  <meta name='ocr-capabilities' content='ocr_page ocr_carea ocr_par ocr_line ocrx_word'/>
</head>
<body>
  <div class='ocr_page' id='page_1' title='image "./summatheologica06nicogoog_0395.png"; bbox 0 0 1922 3332; ppageno 0'>
   <div class='ocr_carea' id='block_1_1' title="bbox 204 81 832 128">
    <p class='ocr_par' dir='ltr' id='par_1_1' title="bbox 204 81 832 128">
     <span class='ocr_line' id='line_1_1' title="bbox 204 81 832 128; baseline 0.003 -2"><span class='ocrx_word' id='word_1_1' title='bbox 204 90 236 126; x_wconf 88' lang='lat' dir='ltr'><strong>un</strong></span> <span class='ocrx_word' id='word_1_2' title='bbox 251 88 307 127; x_wconf 84' lang='lat' dir='ltr'><strong>rcus</strong></span> <span class='ocrx_word' id='word_1_3' title='bbox 323 89 420 126; x_wconf 72' lang='lat' dir='ltr'><strong>usurus</strong></span> <span class='ocrx_word' id='word_1_4' title='bbox 437 85 668 126; x_wconf 79' lang='lat' dir='ltr'><strong>connuncntrtours.</strong></span> <span class='ocrx_word' id='word_1_5' title='bbox 788 81 832 128; x_wconf 84' lang='lat' dir='ltr'><strong>aet</strong></span> 
     </span>
    </p>
   </div>
   <div class='ocr_carea' id='block_1_2' title="bbox 27 164 853 1521">
    <p class='ocr_par' dir='ltr' id='par_1_2' title="bbox 29 164 833 373">
     <span class='ocr_line' id='line_1_2' title="bbox 29 164 833 230; baseline 0.001 -14"><span class='ocrx_word' id='word_1_6' title='bbox 29 169 82 216; x_wconf 85' lang='lat' dir='ltr'><strong>suut</strong></span> <span class='ocrx_word' id='word_1_7' title='bbox 99 165 261 230; x_wconf 80' lang='lat' dir='ltr'><strong>corruptiones</strong></span> <span class='ocrx_word' id='word_1_8' title='bbox 273 169 296 216; x_wconf 86' lang='lat' dir='ltr'><strong>et</strong></span> <span class='ocrx_word' id='word_1_9' title='bbox 304 165 463 228; x_wconf 67' lang='lat' dir='ltr'>generationes</span> <span class='ocrx_word' id='word_1_10' title='bbox 476 169 499 216; x_wconf 88' lang='lat' dir='ltr'><strong>et</strong></span> <span class='ocrx_word' id='word_1_11' title='bbox 508 164 652 216; x_wconf 73' lang='lat' dir='ltr'><strong>alterationes</strong></span> <span class='ocrx_word' id='word_1_12' title='bbox 660 165 833 228; x_wconf 87' lang='lat' dir='ltr'><strong>elementorum,</strong></span> 
     </span>
     <span class='ocr_line' id='line_1_3' title="bbox 29 235 833 302; baseline 0.004 -15"><span class='ocrx_word' id='word_1_13' title='bbox 29 251 78 300; x_wconf 74' lang='grc' dir='ltr'><strong>ιιι</strong></span> <span class='ocrx_word' id='word_1_14' title='bbox 94 237 194 302; x_wconf 81' lang='lat' dir='ltr'><strong>puritati</strong></span> <span class='ocrx_word' id='word_1_15' title='bbox 212 249 290 288; x_wconf 90' lang='lat' dir='ltr'><strong>eorum</strong></span> <span class='ocrx_word' id='word_1_16' title='bbox 303 237 427 300; x_wconf 79' lang='lat' dir='ltr'><strong>derogant:</strong></span> <span class='ocrx_word' id='word_1_17' title='bbox 443 239 465 288; x_wconf 90' lang='lat' dir='ltr'><strong>et</strong></span> <span class='ocrx_word' id='word_1_18' title='bbox 478 236 530 287; x_wconf 88' lang='lat' dir='ltr'><strong>ideo</strong></span> <span class='ocrx_word' id='word_1_19' title='bbox 541 235 613 286; x_wconf 90' lang='lat' dir='ltr'><strong>abbis</strong></span> <span class='ocrx_word' id='word_1_20' title='bbox 624 240 713 300; x_wconf 78' lang='lat' dir='ltr'>oportet</span> <span class='ocrx_word' id='word_1_21' title='bbox 722 237 833 290; x_wconf 86' lang='lat' dir='ltr'><strong>elementa</strong></span> 
     </span>
     <span class='ocr_line' id='line_1_4' title="bbox 29 307 805 373; baseline 0.001 -15"><span class='ocrx_word' id='word_1_22' title='bbox 29 309 124 373; x_wconf 79' lang='lat' dir='ltr'><strong>purgari</strong></span> <span class='ocrx_word' id='word_1_23' title='bbox 141 309 169 359; x_wconf 89' lang='lat' dir='ltr'><strong>ad</strong></span> <span class='ocrx_word' id='word_1_24' title='bbox 187 309 231 360; x_wconf 92' lang='lat' dir='ltr'><strong>boc</strong></span> <span class='ocrx_word' id='word_1_25' title='bbox 243 307 304 371; x_wconf 85' lang='lat' dir='ltr'><strong>qubd</strong></span> <span class='ocrx_word' id='word_1_26' title='bbox 317 309 423 360; x_wconf 87' lang='lat' dir='ltr'><strong>decenter</strong></span> <span class='ocrx_word' id='word_1_27' title='bbox 435 307 559 373; x_wconf 81' lang='lat' dir='ltr'><strong>suscipiant</strong></span> <span class='ocrx_word' id='word_1_28' title='bbox 573 307 697 371; x_wconf 84' lang='lat' dir='ltr'><strong>nouitatem</strong></span> <span class='ocrx_word' id='word_1_29' title='bbox 709 309 805 373; x_wconf 71' lang='lat' dir='ltr'><strong>gloriae.v</strong></span> 
     </span>
    </p>

    <p class='ocr_par' dir='ltr' id='par_1_3' title="bbox 27 379 853 1088">
     <span class='ocr_line' id='line_1_5' title="bbox 60 379 835 448; baseline 0.005 -18"><span class='ocrx_word' id='word_1_30' title='bbox 60 382 95 431; x_wconf 80' lang='lat' dir='ltr'><strong>Ad</strong></span> <span class='ocrx_word' id='word_1_31' title='bbox 117 379 218 444; x_wconf 86' lang='lat' dir='ltr'><strong>priunum</strong></span> <span class='ocrx_word' id='word_1_32' title='bbox 232 391 285 442; x_wconf 80' lang='lat' dir='ltr'><strong>ergo</strong></span> <span class='ocrx_word' id='word_1_33' title='bbox 298 379 432 442; x_wconf 87' lang='lat' dir='ltr'><strong>dicendum,</strong></span> <span class='ocrx_word' id='word_1_34' title='bbox 443 379 504 442; x_wconf 80' lang='lat' dir='ltr'><strong>pube</strong></span> <span class='ocrx_word' id='word_1_35' title='bbox 516 379 567 430; x_wconf 88' lang='lat' dir='ltr'><strong>cbm</strong></span> <span class='ocrx_word' id='word_1_36' title='bbox 584 379 666 448; x_wconf 81' lang='lat' dir='ltr'><strong>dicitur</strong></span> <span class='ocrx_word' id='word_1_37' title='bbox 682 381 757 432; x_wconf 87' lang='lat' dir='ltr'><strong>omnis</strong></span> <span class='ocrx_word' id='word_1_38' title='bbox 773 395 835 434; x_wconf 82' lang='lat' dir='ltr'><strong>creu-</strong></span> 
     </span>
     <span class='ocr_line' id='line_1_6' title="bbox 30 451 835 516; baseline 0.007 -14"><span class='ocrx_word' id='word_1_39' title='bbox 30 457 80 502; x_wconf 89' lang='lat' dir='ltr'><strong>tura</strong></span> <span class='ocrx_word' id='word_1_40' title='bbox 94 453 139 504; x_wconf 79' lang='lat' dir='ltr'><strong>liei</strong></span> <span class='ocrx_word' id='word_1_41' title='bbox 156 465 207 503; x_wconf 83' lang='lat' dir='ltr'><strong>esse</strong></span> <span class='ocrx_word' id='word_1_42' title='bbox 219 452 318 516; x_wconf 89' lang='lat' dir='ltr'><strong>munda,</strong></span> <span class='ocrx_word' id='word_1_43' title='bbox 332 453 375 502; x_wconf 91' lang='lat' dir='ltr'><strong>boc</strong></span> <span class='ocrx_word' id='word_1_44' title='bbox 386 455 421 502; x_wconf 88' lang='lat' dir='ltr'><strong>est</strong></span> <span class='ocrx_word' id='word_1_45' title='bbox 432 452 623 516; x_wconf 78' lang='lat' dir='ltr'><strong>intelligendum,</strong></span> <span class='ocrx_word' id='word_1_46' title='bbox 638 451 690 515; x_wconf 81' lang='lat' dir='ltr'><strong>ouria</strong></span> <span class='ocrx_word' id='word_1_47' title='bbox 706 465 751 504; x_wconf 93' lang='lat' dir='ltr'><strong>non</strong></span> <span class='ocrx_word' id='word_1_48' title='bbox 765 453 835 508; x_wconf 88' lang='lat' dir='ltr'><strong>babet</strong></span> 
     </span>
     <span class='ocr_line' id='line_1_7' title="bbox 27 523 853 590; baseline 0.002 -16"><span class='ocrx_word' id='word_1_49' title='bbox 27 526 52 574; x_wconf 93' lang='lat' dir='ltr'><strong>in</strong></span> <span class='ocrx_word' id='word_1_50' title='bbox 68 524 202 576; x_wconf 83' lang='lat' dir='ltr'><strong>substantia</strong></span> <span class='ocrx_word' id='word_1_51' title='bbox 215 537 256 574; x_wconf 87' lang='lat' dir='ltr'><strong>sua</strong></span> <span class='ocrx_word' id='word_1_52' title='bbox 269 524 366 588; x_wconf 77' lang='lat' dir='ltr'><strong>alicuius</strong></span> <span class='ocrx_word' id='word_1_53' title='bbox 383 523 476 575; x_wconf 80' lang='lat' dir='ltr'><strong>malitie</strong></span> <span class='ocrx_word' id='word_1_54' title='bbox 489 523 676 588; x_wconf 66' lang='lat' dir='ltr'><strong>permixtionem</strong></span> <span class='ocrx_word' id='word_1_55' title='bbox 691 523 749 575; x_wconf 89' lang='lat' dir='ltr'><strong>sicut</strong></span> <span class='ocrx_word' id='word_1_56' title='bbox 762 534 853 590; x_wconf 85' lang='lat' dir='ltr'><strong>pone·‘</strong></span> 
     </span>
     <span class='ocr_line' id='line_1_8' title="bbox 27 594 836 656; baseline 0.001 -11"><span class='ocrx_word' id='word_1_57' title='bbox 27 597 85 646; x_wconf 85' lang='lat' dir='ltr'><strong>bant</strong></span> <span class='ocrx_word' id='word_1_58' title='bbox 100 594 239 656; x_wconf 75' lang='lat' dir='ltr'><strong>manichei,</strong></span> <span class='ocrx_word' id='word_1_59' title='bbox 254 595 357 646; x_wconf 87' lang='lat' dir='ltr'><strong>dicentes</strong></span> <span class='ocrx_word' id='word_1_60' title='bbox 374 594 468 646; x_wconf 36' lang='lat' dir='ltr'><strong>*bonum</strong></span> <span class='ocrx_word' id='word_1_61' title='bbox 483 599 506 644; x_wconf 88' lang='lat' dir='ltr'><strong>et</strong></span> <span class='ocrx_word' id='word_1_62' title='bbox 520 594 619 646; x_wconf 83' lang='lat' dir='ltr'><strong>melem</strong></span> <span class='ocrx_word' id='word_1_63' title='bbox 638 608 688 646; x_wconf 90' lang='lat' dir='ltr'><strong>esse</strong></span> <span class='ocrx_word' id='word_1_64' title='bbox 705 597 761 646; x_wconf 89' lang='lat' dir='ltr'><strong>duas</strong></span> <span class='ocrx_word' id='word_1_65' title='bbox 782 596 836 647; x_wconf 87' lang='lat' dir='ltr'><strong>sub-</strong></span> 
     </span>
     <span class='ocr_line' id='line_1_9' title="bbox 28 665 835 719; baseline 0.004 -3"><span class='ocrx_word' id='word_1_66' title='bbox 28 666 132 718; x_wconf 86' lang='lat' dir='ltr'><strong>stantias</strong></span> <span class='ocrx_word' id='word_1_67' title='bbox 145 666 232 717; x_wconf 90' lang='lat' dir='ltr'><strong>alicubi</strong></span> <span class='ocrx_word' id='word_1_68' title='bbox 245 667 330 718; x_wconf 86' lang='lat' dir='ltr'><strong>diuisas</strong></span> <span class='ocrx_word' id='word_1_69' title='bbox 344 669 367 717; x_wconf 88' lang='lat' dir='ltr'><strong>et</strong></span> <span class='ocrx_word' id='word_1_70' title='bbox 383 666 464 717; x_wconf 84' lang='lat' dir='ltr'><strong>alicubi</strong></span> <span class='ocrx_word' id='word_1_71' title='bbox 483 665 622 716; x_wconf 83' lang='lat' dir='ltr'><strong>commixtas.</strong></span> <span class='ocrx_word' id='word_1_72' title='bbox 638 667 689 718; x_wconf 88' lang='lat' dir='ltr'><strong>Non</strong></span> <span class='ocrx_word' id='word_1_73' title='bbox 708 669 785 719; x_wconf 76' lang='lat' dir='ltr'><strong>autem</strong></span> <span class='ocrx_word' id='word_1_74' title='bbox 799 681 835 719; x_wconf 87' lang='lat' dir='ltr'><strong>ne-</strong></span> 
     </span>
     <span class='ocr_line' id='line_1_10' title="bbox 28 731 835 802; baseline 0.005 -14"><span class='ocrx_word' id='word_1_75' title='bbox 28 742 139 790; x_wconf 87' lang='lat' dir='ltr'><strong>mouetur</strong></span> <span class='ocrx_word' id='word_1_76' title='bbox 159 738 217 802; x_wconf 88' lang='lat' dir='ltr'><strong>quin</strong></span> <span class='ocrx_word' id='word_1_77' title='bbox 234 739 308 802; x_wconf 79' lang='lat' dir='ltr'><strong>abque</strong></span> <span class='ocrx_word' id='word_1_78' title='bbox 330 741 433 788; x_wconf 89' lang='lat' dir='ltr'><strong>creatura</strong></span> <span class='ocrx_word' id='word_1_79' title='bbox 452 738 535 788; x_wconf 80' lang='lat' dir='ltr'><strong>babeat</strong></span> <span class='ocrx_word' id='word_1_80' title='bbox 554 731 731 802; x_wconf 83' lang='lat' dir='ltr'><strong>peimixtionem</strong></span> <span class='ocrx_word' id='word_1_81' title='bbox 748 743 835 792; x_wconf 83' lang='lat' dir='ltr'><strong>natue</strong></span> 
     </span>
     <span class='ocr_line' id='line_1_11' title="bbox 28 809 836 877; baseline 0.001 -18"><span class='ocrx_word' id='word_1_82' title='bbox 28 814 165 874; x_wconf 67' lang='lat' dir='ltr'><strong>extranee,</strong></span> <span class='ocrx_word' id='word_1_83' title='bbox 180 810 315 874; x_wconf 50' lang='lat' dir='ltr'><strong>quostiam¹</strong></span> <span class='ocrx_word' id='word_1_84' title='bbox 327 811 352 860; x_wconf 93' lang='lat' dir='ltr'><strong>in</strong></span> <span class='ocrx_word' id='word_1_85' title='bbox 371 823 396 861; x_wconf 90' lang='lat' dir='ltr'><strong>se</strong></span> <span class='ocrx_word' id='word_1_86' title='bbox 409 810 468 877; x_wconf 81' lang='lat' dir='ltr'><strong>bona</strong></span> <span class='ocrx_word' id='word_1_87' title='bbox 484 813 534 871; x_wconf 82' lang='lat' dir='ltr'><strong>est,</strong></span> <span class='ocrx_word' id='word_1_88' title='bbox 551 809 591 860; x_wconf 89' lang='lat' dir='ltr'><strong>sed</strong></span> <span class='ocrx_word' id='word_1_89' title='bbox 602 809 740 874; x_wconf 90' lang='lat' dir='ltr'><strong>perlectioni</strong></span> <span class='ocrx_word' id='word_1_90' title='bbox 753 811 836 875; x_wconf 87' lang='lat' dir='ltr'><strong>bujus-</strong></span> 
     </span>
     <span class='ocr_line' id='line_1_12' title="bbox 29 879 837 944; baseline 0.001 -14"><span class='ocrx_word' id='word_1_91' title='bbox 29 880 94 932; x_wconf 84' lang='lat' dir='ltr'><strong>modi</strong></span> <span class='ocrx_word' id='word_1_92' title='bbox 116 884 226 932; x_wconf 78' lang='lat' dir='ltr'><strong>creature</strong></span> <span class='ocrx_word' id='word_1_93' title='bbox 248 884 376 944; x_wconf 78' lang='lat' dir='ltr'><strong>repugnat3</strong></span> <span class='ocrx_word' id='word_1_94' title='bbox 392 879 498 932; x_wconf 88' lang='lat' dir='ltr'><strong>similiter</strong></span> <span class='ocrx_word' id='word_1_95' title='bbox 515 893 562 933; x_wconf 90' lang='lat' dir='ltr'><strong>non</strong></span> <span class='ocrx_word' id='word_1_96' title='bbox 586 885 716 932; x_wconf 78' lang='lat' dir='ltr'><strong>remoretur</strong></span> <span class='ocrx_word' id='word_1_97' title='bbox 738 895 766 932; x_wconf 81' lang='lat' dir='ltr'><strong>ex</strong></span> <span class='ocrx_word' id='word_1_98' title='bbox 792 883 837 934; x_wconf 90' lang='lat' dir='ltr'><strong>boc</strong></span> 
     </span>
     <span class='ocr_line' id='line_1_13' title="bbox 29 951 835 1019; baseline 0 -17"><span class='ocrx_word' id='word_1_99' title='bbox 29 953 86 1016; x_wconf 88' lang='lat' dir='ltr'><strong>quin</strong></span> <span class='ocrx_word' id='word_1_100' title='bbox 99 953 187 1004; x_wconf 85' lang='lat' dir='ltr'><strong>malum</strong></span> <span class='ocrx_word' id='word_1_101' title='bbox 198 952 265 1003; x_wconf 84' lang='lat' dir='ltr'><strong>alicui</strong></span> <span class='ocrx_word' id='word_1_102' title='bbox 280 957 387 1004; x_wconf 81' lang='lat' dir='ltr'><strong>creaturae</strong></span> <span class='ocrx_word' id='word_1_103' title='bbox 401 952 487 1003; x_wconf 86' lang='lat' dir='ltr'><strong>accidat</strong></span> <span class='ocrx_word' id='word_1_104' title='bbox 494 951 616 1016; x_wconf 83' lang='lat' dir='ltr'><strong>,quamuis</strong></span> <span class='ocrx_word' id='word_1_105' title='bbox 633 952 720 1003; x_wconf 88' lang='lat' dir='ltr'><strong>nonsit</strong></span> <span class='ocrx_word' id='word_1_106' title='bbox 733 953 835 1019; x_wconf 87' lang='lat' dir='ltr'><strong>permix-</strong></span> 
     </span>
     <span class='ocr_line' id='line_1_14' title="bbox 30 1023 510 1108; baseline 0 -34"><span class='ocrx_word' id='word_1_107' title='bbox 30 1029 78 1074; x_wconf 89' lang='lat' dir='ltr'><strong>tum</strong></span> <span class='ocrx_word' id='word_1_108' title='bbox 100 1025 125 1076; x_wconf 85' lang='lat' dir='ltr'><strong>ci</strong></span> <span class='ocrx_word' id='word_1_109' title='bbox 139 1023 267 1088; x_wconf 87' lang='lat' dir='ltr'><strong>quesipars</strong></span> <span class='ocrx_word' id='word_1_110' title='bbox 282 1025 434 1077; x_wconf 82' lang='lat' dir='ltr'><strong>subsinuiim&#39;</strong></span> <span class='ocrx_word' id='word_1_111' title='bbox 428 1023 510 1108; x_wconf 62' lang='grc' dir='ltr'>ιριιιι.</span> 
     </span>
    </p>

    <p class='ocr_par' dir='ltr' id='par_1_4' title="bbox 29 1085 837 1376">
     <span class='ocr_line' id='line_1_15' title="bbox 59 1085 837 1179; baseline 0 -33"><span class='ocrx_word' id='word_1_112' title='bbox 59 1097 98 1146; x_wconf 78' lang='lat' dir='ltr'><strong>nd</strong></span> <span class='ocrx_word' id='word_1_113' title='bbox 117 1096 243 1146; x_wconf 88' lang='lat' dir='ltr'><strong>secundum</strong></span> <span class='ocrx_word' id='word_1_114' title='bbox 259 1095 379 1146; x_wconf 88' lang='lat' dir='ltr'><strong>dicendum</strong></span> <span class='ocrx_word' id='word_1_115' title='bbox 386 1085 493 1160; x_wconf 85' lang='lat' dir='ltr'><strong>,qubd&#39;</strong></span> <span class='ocrx_word' id='word_1_116' title='bbox 481 1095 585 1158; x_wconf 84' lang='lat' dir='ltr'><strong>quamuis</strong></span> <span class='ocrx_word' id='word_1_117' title='bbox 599 1095 711 1146; x_wconf 87' lang='lat' dir='ltr'><strong>elementa</strong></span> <span class='ocrx_word' id='word_1_118' title='bbox 726 1109 837 1179; x_wconf 83' lang='lat' dir='ltr'><strong>corporee</strong></span> 
     </span>
     <span class='ocr_line' id='line_1_16' title="bbox 29 1169 837 1250; baseline -0.002 -28"><span class='ocrx_word' id='word_1_119' title='bbox 29 1171 165 1250; x_wconf 79' lang='lat' dir='ltr'><strong>subjectum</strong></span> <span class='ocrx_word' id='word_1_120' title='bbox 174 1171 246 1234; x_wconf 80' lang='lat' dir='ltr'><strong>culpe</strong></span> <span class='ocrx_word' id='word_1_121' title='bbox 259 1182 309 1220; x_wconf 84' lang='lat' dir='ltr'><strong>esee</strong></span> <span class='ocrx_word' id='word_1_122' title='bbox 321 1183 366 1220; x_wconf 92' lang='lat' dir='ltr'><strong>non</strong></span> <span class='ocrx_word' id='word_1_123' title='bbox 377 1172 486 1234; x_wconf 76' lang='lat' dir='ltr'><strong>possunt,</strong></span> <span class='ocrx_word' id='word_1_124' title='bbox 501 1171 576 1219; x_wconf 89' lang='lat' dir='ltr'><strong>tamen</strong></span> <span class='ocrx_word' id='word_1_125' title='bbox 590 1181 619 1220; x_wconf 84' lang='lat' dir='ltr'><strong>ex</strong></span> <span class='ocrx_word' id='word_1_126' title='bbox 635 1169 702 1232; x_wconf 88' lang='lat' dir='ltr'><strong>eulpa</strong></span> <span class='ocrx_word' id='word_1_127' title='bbox 713 1170 837 1220; x_wconf 88' lang='lat' dir='ltr'><strong>commissa</strong></span> 
     </span>
     <span class='ocr_line' id='line_1_17' title="bbox 29 1240 836 1306; baseline 0.001 -17"><span class='ocrx_word' id='word_1_128' title='bbox 29 1241 53 1291; x_wconf 89' lang='lat' dir='ltr'><strong>in</strong></span> <span class='ocrx_word' id='word_1_129' title='bbox 71 1241 109 1292; x_wconf 90' lang='lat' dir='ltr'><strong>eis</strong></span> <span class='ocrx_word' id='word_1_130' title='bbox 127 1241 227 1304; x_wconf 86' lang='lat' dir='ltr'><strong>adquam</strong></span> <span class='ocrx_word' id='word_1_131' title='bbox 247 1241 421 1306; x_wconf 88' lang='lat' dir='ltr'><strong>inaptitudincm</strong></span> <span class='ocrx_word' id='word_1_132' title='bbox 443 1244 612 1304; x_wconf 89' lang='lat' dir='ltr'><strong>consequuntur</strong></span> <span class='ocrx_word' id='word_1_133' title='bbox 628 1241 656 1290; x_wconf 89' lang='lat' dir='ltr'><strong>ad</strong></span> <span class='ocrx_word' id='word_1_134' title='bbox 673 1240 836 1304; x_wconf 75' lang='lat' dir='ltr'><strong>perfectionem</strong></span> 
     </span>
     <span class='ocr_line' id='line_1_18' title="bbox 30 1312 307 1376; baseline -0.007 -14"><span class='ocrx_word' id='word_1_135' title='bbox 30 1312 114 1375; x_wconf 73' lang='lat' dir='ltr'><strong>gloriae</strong></span> <span class='ocrx_word' id='word_1_136' title='bbox 129 1313 307 1376; x_wconf 89' lang='lat' dir='ltr'><strong>suscipiendam.</strong></span> 
     </span>
    </p>

    <p class='ocr_par' dir='ltr' id='par_1_5' title="bbox 31 1383 839 1521">
     <span class='ocr_line' id='line_1_19' title="bbox 62 1383 839 1448; baseline -0.005 -12"><span class='ocrx_word' id='word_1_137' title='bbox 62 1386 100 1436; x_wconf 78' lang='lat' dir='ltr'><strong>Ad</strong></span> <span class='ocrx_word' id='word_1_138' title='bbox 116 1384 210 1436; x_wconf 84' lang='lat' dir='ltr'><strong>tertium</strong></span> <span class='ocrx_word' id='word_1_139' title='bbox 225 1385 361 1441; x_wconf 81' lang='lat' dir='ltr'><strong>dicendum.</strong></span> <span class='ocrx_word' id='word_1_140' title='bbox 374 1383 433 1448; x_wconf 84' lang='lat' dir='ltr'><strong>qubd</strong></span> <span class='ocrx_word' id='word_1_141' title='bbox 448 1385 520 1434; x_wconf 82' lang='lat' dir='ltr'><strong>ferma</strong></span> <span class='ocrx_word' id='word_1_142' title='bbox 530 1383 596 1435; x_wconf 83' lang='lat' dir='ltr'><strong>mixti</strong></span> <span class='ocrx_word' id='word_1_143' title='bbox 610 1387 633 1435; x_wconf 89' lang='lat' dir='ltr'><strong>et</strong></span> <span class='ocrx_word' id='word_1_144' title='bbox 646 1383 719 1434; x_wconf 75' lang='lat' dir='ltr'><strong>leima</strong></span> <span class='ocrx_word' id='word_1_145' title='bbox 729 1383 839 1434; x_wconf 83' lang='lat' dir='ltr'><strong>elementi</strong></span> 
     </span>
     <span class='ocr_line' id='line_1_20' title="bbox 31 1453 838 1521; baseline -0.004 -14"><span class='ocrx_word' id='word_1_146' title='bbox 31 1461 135 1520; x_wconf 83' lang='lat' dir='ltr'><strong>possunt</strong></span> <span class='ocrx_word' id='word_1_147' title='bbox 149 1455 269 1521; x_wconf 76' lang='lat' dir='ltr'><strong>dupliciter</strong></span> <span class='ocrx_word' id='word_1_148' title='bbox 282 1456 436 1507; x_wconf 80' lang='lat' dir='ltr'><strong>considerari:</strong></span> <span class='ocrx_word' id='word_1_149' title='bbox 450 1460 490 1506; x_wconf 89' lang='lat' dir='ltr'><strong>aut</strong></span> <span class='ocrx_word' id='word_1_150' title='bbox 503 1458 612 1520; x_wconf 83' lang='lat' dir='ltr'><strong>quantum</strong></span> <span class='ocrx_word' id='word_1_151' title='bbox 627 1455 655 1506; x_wconf 84' lang='lat' dir='ltr'><strong>ud</strong></span> <span class='ocrx_word' id='word_1_152' title='bbox 672 1453 838 1518; x_wconf 80' lang='lat' dir='ltr'><strong>perfectionem</strong></span> 
     </span>
    </p>
   </div>
   <div class='ocr_carea' id='block_1_3' title="bbox 32 1497 952 1592">
    <p class='ocr_par' dir='ltr' id='par_1_6' title="bbox 32 1497 952 1592">
     <span class='ocr_line' id='line_1_21' title="bbox 32 1497 952 1592; baseline 0 -16"><span class='ocrx_word' id='word_1_153' title='bbox 32 1528 138 1591; x_wconf 87' lang='lat' dir='ltr'><strong>speciei,</strong></span> <span class='ocrx_word' id='word_1_154' title='bbox 157 1532 181 1576; x_wconf 88' lang='lat' dir='ltr'><strong>et</strong></span> <span class='ocrx_word' id='word_1_155' title='bbox 196 1527 230 1578; x_wconf 88' lang='lat' dir='ltr'><strong>sic</strong></span> <span class='ocrx_word' id='word_1_156' title='bbox 240 1541 323 1592; x_wconf 87' lang='lat' dir='ltr'><strong>corpus</strong></span> <span class='ocrx_word' id='word_1_157' title='bbox 337 1527 434 1578; x_wconf 83' lang='lat' dir='ltr'><strong>mistum</strong></span> <span class='ocrx_word' id='word_1_158' title='bbox 444 1530 484 1578; x_wconf 82' lang='grc' dir='ltr'><strong>ιιι</strong></span> <span class='ocrx_word' id='word_1_159' title='bbox 502 1526 616 1590; x_wconf 86' lang='lat' dir='ltr'><strong>nobilius;</strong></span> <span class='ocrx_word' id='word_1_160' title='bbox 632 1528 673 1576; x_wconf 88' lang='lat' dir='ltr'><strong>aut</strong></span> <span class='ocrx_word' id='word_1_161' title='bbox 686 1529 794 1588; x_wconf 82' lang='lat' dir='ltr'><strong>quantum</strong></span> <span class='ocrx_word' id='word_1_162' title='bbox 809 1525 838 1576; x_wconf 89' lang='lat' dir='ltr'><strong>ad</strong></span> <span class='ocrx_word' id='word_1_163' title='bbox 926 1529 929 1534; x_wconf 90' lang='lat'>&#39;</span> <span class='ocrx_word' id='word_1_164' title='bbox 951 1497 952 1500; x_wconf 8' lang='grc' dir='ltr'><strong>Ἴ</strong></span> 
     </span>
    </p>
   </div>
   <div class='ocr_carea' id='block_1_4' title="bbox 32 1596 841 2524">
    <p class='ocr_par' dir='ltr' id='par_1_7' title="bbox 32 1596 840 2524">
     <span class='ocr_line' id='line_1_22' title="bbox 32 1596 834 1664; baseline -0.006 -14"><span class='ocrx_word' id='word_1_165' title='bbox 32 1599 213 1664; x_wconf 83' lang='lat' dir='ltr'><strong>perpetuitatem</strong></span> <span class='ocrx_word' id='word_1_166' title='bbox 228 1598 371 1660; x_wconf 87' lang='lat' dir='ltr'><strong>durationis,</strong></span> <span class='ocrx_word' id='word_1_167' title='bbox 384 1599 450 1648; x_wconf 86' lang='lat' dir='ltr'><strong>etsie</strong></span> <span class='ocrx_word' id='word_1_168' title='bbox 462 1611 543 1661; x_wconf 87' lang='lat' dir='ltr'><strong>corpus</strong></span> <span class='ocrx_word' id='word_1_169' title='bbox 556 1597 654 1660; x_wconf 82' lang='lat' dir='ltr'><strong>simplex</strong></span> <span class='ocrx_word' id='word_1_170' title='bbox 667 1596 766 1650; x_wconf 84' lang='lat' dir='ltr'><strong>nobilius</strong></span> <span class='ocrx_word' id='word_1_171' title='bbox 781 1601 834 1646; x_wconf 89' lang='lat' dir='ltr'><strong>est:</strong></span> 
     </span>
     <span class='ocr_line' id='line_1_23' title="bbox 33 1667 836 1735; baseline -0.002 -15"><span class='ocrx_word' id='word_1_172' title='bbox 33 1672 88 1734; x_wconf 87' lang='lat' dir='ltr'><strong>quia</strong></span> <span class='ocrx_word' id='word_1_173' title='bbox 105 1684 153 1722; x_wconf 88' lang='lat' dir='ltr'><strong>nen</strong></span> <span class='ocrx_word' id='word_1_174' title='bbox 168 1672 236 1722; x_wconf 88' lang='lat' dir='ltr'><strong>babel</strong></span> <span class='ocrx_word' id='word_1_175' title='bbox 254 1671 279 1720; x_wconf 89' lang='lat' dir='ltr'><strong>in</strong></span> <span class='ocrx_word' id='word_1_176' title='bbox 294 1685 319 1722; x_wconf 88' lang='lat' dir='ltr'><strong>se</strong></span> <span class='ocrx_word' id='word_1_177' title='bbox 332 1670 383 1735; x_wconf 93' lang='lat' dir='ltr'><strong>ipso</strong></span> <span class='ocrx_word' id='word_1_178' title='bbox 396 1671 456 1721; x_wconf 91' lang='lat' dir='ltr'><strong>unde</strong></span> <span class='ocrx_word' id='word_1_179' title='bbox 467 1673 636 1733; x_wconf 87' lang='lat' dir='ltr'><strong>corrumpatur,</strong></span> <span class='ocrx_word' id='word_1_180' title='bbox 650 1669 696 1720; x_wconf 91' lang='lat' dir='ltr'><strong>nisi</strong></span> <span class='ocrx_word' id='word_1_181' title='bbox 714 1667 765 1732; x_wconf 88' lang='lat' dir='ltr'><strong>ejus</strong></span> <span class='ocrx_word' id='word_1_182' title='bbox 781 1681 836 1719; x_wconf 86' lang='lat' dir='ltr'><strong>cor-</strong></span> 
     </span>
     <span class='ocr_line' id='line_1_24' title="bbox 34 1739 837 1806; baseline 0.001 -15"><span class='ocrx_word' id='word_1_183' title='bbox 34 1742 114 1806; x_wconf 89' lang='lat' dir='ltr'><strong>ruptio</strong></span> <span class='ocrx_word' id='word_1_184' title='bbox 124 1741 164 1792; x_wconf 84' lang='lat' dir='ltr'><strong>tiet</strong></span> <span class='ocrx_word' id='word_1_185' title='bbox 176 1743 205 1792; x_wconf 88' lang='lat' dir='ltr'><strong>ab</strong></span> <span class='ocrx_word' id='word_1_186' title='bbox 216 1743 292 1805; x_wconf 86' lang='lat' dir='ltr'><strong>aliquo</strong></span> <span class='ocrx_word' id='word_1_187' title='bbox 302 1742 415 1804; x_wconf 60' lang='lat' dir='ltr'><strong>exteriori</strong></span> <span class='ocrx_word' id='word_1_188' title='bbox 427 1753 509 1806; x_wconf 89' lang='lat' dir='ltr'><strong>corpus</strong></span> <span class='ocrx_word' id='word_1_189' title='bbox 520 1748 595 1792; x_wconf 88' lang='lat' dir='ltr'><strong>autem</strong></span> <span class='ocrx_word' id='word_1_190' title='bbox 609 1741 704 1791; x_wconf 81' lang='lat' dir='ltr'><strong>mistum</strong></span> <span class='ocrx_word' id='word_1_191' title='bbox 716 1739 740 1789; x_wconf 91' lang='grc' dir='ltr'><strong>ιι</strong></span> <span class='ocrx_word' id='word_1_192' title='bbox 752 1753 776 1792; x_wconf 90' lang='lat' dir='ltr'><strong>se</strong></span> <span class='ocrx_word' id='word_1_193' title='bbox 787 1740 837 1804; x_wconf 87' lang='lat' dir='ltr'><strong>ipso</strong></span> 
     </span>
     <span class='ocr_line' id='line_1_25' title="bbox 36 1811 838 1878; baseline -0.002 -16"><span class='ocrx_word' id='word_1_194' title='bbox 36 1815 108 1878; x_wconf 86' lang='lat' dir='ltr'><strong>babet</strong></span> <span class='ocrx_word' id='word_1_195' title='bbox 123 1827 215 1864; x_wconf 78' lang='lat' dir='ltr'><strong>causatu</strong></span> <span class='ocrx_word' id='word_1_196' title='bbox 234 1814 385 1878; x_wconf 84' lang='lat' dir='ltr'><strong>corruptionis</strong></span> <span class='ocrx_word' id='word_1_197' title='bbox 402 1827 464 1876; x_wconf 84' lang='lat' dir='ltr'><strong>suae,</strong></span> <span class='ocrx_word' id='word_1_198' title='bbox 480 1811 767 1876; x_wconf 84' lang='lat' dir='ltr'><strong>scilieeteonrpcsitionem</strong></span> <span class='ocrx_word' id='word_1_199' title='bbox 786 1825 838 1862; x_wconf 89' lang='lat' dir='ltr'><strong>eon-</strong></span> 
     </span>
     <span class='ocr_line' id='line_1_26' title="bbox 37 1881 839 1950; baseline -0.001 -16"><span class='ocrx_word' id='word_1_200' title='bbox 37 1885 169 1936; x_wconf 86' lang='lat' dir='ltr'><strong>trariorum.</strong></span> <span class='ocrx_word' id='word_1_201' title='bbox 185 1885 214 1935; x_wconf 78' lang='lat' dir='ltr'><strong>nt</strong></span> <span class='ocrx_word' id='word_1_202' title='bbox 228 1886 280 1937; x_wconf 90' lang='lat' dir='ltr'><strong>ideo</strong></span> <span class='ocrx_word' id='word_1_203' title='bbox 302 1898 383 1950; x_wconf 83' lang='lat' dir='ltr'><strong>eorpus</strong></span> <span class='ocrx_word' id='word_1_204' title='bbox 400 1886 513 1948; x_wconf 85' lang='lat' dir='ltr'><strong>simplex,</strong></span> <span class='ocrx_word' id='word_1_205' title='bbox 529 1883 572 1934; x_wconf 91' lang='lat' dir='ltr'><strong>etsi</strong></span> <span class='ocrx_word' id='word_1_206' title='bbox 589 1883 619 1934; x_wconf 89' lang='lat' dir='ltr'><strong>sit</strong></span> <span class='ocrx_word' id='word_1_207' title='bbox 640 1881 786 1947; x_wconf 84' lang='lat' dir='ltr'><strong>corruptibile</strong></span> <span class='ocrx_word' id='word_1_208' title='bbox 802 1895 839 1934; x_wconf 92' lang='lat' dir='ltr'><strong>se·</strong></span> 
     </span>
     <span class='ocr_line' id='line_1_27' title="bbox 39 1953 838 2037; baseline -0.001 -32"><span class='ocrx_word' id='word_1_209' title='bbox 39 1956 142 2008; x_wconf 84' lang='lat' dir='ltr'><strong>cundlrnn</strong></span> <span class='ocrx_word' id='word_1_210' title='bbox 157 1963 259 2022; x_wconf 85' lang='lat' dir='ltr'><strong>purtem,</strong></span> <span class='ocrx_word' id='word_1_211' title='bbox 274 1960 310 2008; x_wconf 87' lang='lat' dir='ltr'><strong>est</strong></span> <span class='ocrx_word' id='word_1_212' title='bbox 332 1963 409 2008; x_wconf 89' lang='lat' dir='ltr'><strong>tamen</strong></span> <span class='ocrx_word' id='word_1_213' title='bbox 424 1955 592 2037; x_wconf 85' lang='lat' dir='ltr'><strong>incorruptibile</strong></span> <span class='ocrx_word' id='word_1_214' title='bbox 609 1953 732 2006; x_wconf 84' lang='lat' dir='ltr'><strong>secundbm</strong></span> <span class='ocrx_word' id='word_1_215' title='bbox 749 1957 838 2016; x_wconf 82' lang='lat' dir='ltr'><strong>totum3</strong></span> 
     </span>
     <span class='ocr_line' id='line_1_28' title="bbox 39 2023 839 2092; baseline -0.001 -18"><span class='ocrx_word' id='word_1_216' title='bbox 39 2029 102 2091; x_wconf 79' lang='lat' dir='ltr'><strong>quod</strong></span> <span class='ocrx_word' id='word_1_217' title='bbox 119 2031 147 2079; x_wconf 90' lang='lat' dir='ltr'><strong>de</strong></span> <span class='ocrx_word' id='word_1_218' title='bbox 163 2031 235 2080; x_wconf 84' lang='lat' dir='ltr'><strong>misto</strong></span> <span class='ocrx_word' id='word_1_219' title='bbox 253 2028 299 2080; x_wconf 86' lang='lat' dir='ltr'><strong>dici</strong></span> <span class='ocrx_word' id='word_1_220' title='bbox 320 2042 366 2078; x_wconf 88' lang='lat' dir='ltr'><strong>non</strong></span> <span class='ocrx_word' id='word_1_221' title='bbox 387 2031 470 2092; x_wconf 87' lang='lat' dir='ltr'><strong>potest.</strong></span> <span class='ocrx_word' id='word_1_222' title='bbox 485 2027 514 2078; x_wconf 80' lang='lat' dir='ltr'><strong>nt</strong></span> <span class='ocrx_word' id='word_1_223' title='bbox 532 2027 584 2090; x_wconf 85' lang='lat' dir='ltr'><strong>quia</strong></span> <span class='ocrx_word' id='word_1_224' title='bbox 601 2024 741 2089; x_wconf 90' lang='lat' dir='ltr'><strong>incomuptio</strong></span> <span class='ocrx_word' id='word_1_225' title='bbox 760 2028 797 2075; x_wconf 87' lang='lat' dir='ltr'><strong>est</strong></span> <span class='ocrx_word' id='word_1_226' title='bbox 812 2023 839 2075; x_wconf 93' lang='lat' dir='ltr'><strong>d</strong></span> 
     </span>
     <span class='ocr_line' id='line_1_29' title="bbox 39 2093 840 2178; baseline -0.009 -28"><span class='ocrx_word' id='word_1_227' title='bbox 39 2101 184 2164; x_wconf 75' lang='lat' dir='ltr'><strong>perfectione</strong></span> <span class='ocrx_word' id='word_1_228' title='bbox 207 2101 299 2163; x_wconf 78' lang='lat' dir='ltr'><strong>glorie,</strong></span> <span class='ocrx_word' id='word_1_229' title='bbox 313 2099 365 2150; x_wconf 87' lang='lat' dir='ltr'><strong>ideo</strong></span> <span class='ocrx_word' id='word_1_230' title='bbox 381 2099 492 2164; x_wconf 80' lang='lat' dir='ltr'><strong>perfectio</strong></span> <span class='ocrx_word' id='word_1_231' title='bbox 511 2099 612 2162; x_wconf 85' lang='lat' dir='ltr'><strong>corperis</strong></span> <span class='ocrx_word' id='word_1_232' title='bbox 634 2095 746 2178; x_wconf 87' lang='lat' dir='ltr'><strong>simplicis</strong></span> <span class='ocrx_word' id='word_1_233' title='bbox 767 2093 840 2157; x_wconf 78' lang='lat' dir='ltr'><strong>magis</strong></span> 
     </span>
     <span class='ocr_line' id='line_1_30' title="bbox 40 2159 837 2235; baseline -0.01 -14"><span class='ocrx_word' id='word_1_234' title='bbox 40 2173 151 2223; x_wconf 85' lang='lat' dir='ltr'><strong>conuenit</strong></span> <span class='ocrx_word' id='word_1_235' title='bbox 174 2172 307 2235; x_wconf 77' lang='lat' dir='ltr'><strong>perfectioni</strong></span> <span class='ocrx_word' id='word_1_236' title='bbox 326 2171 401 2233; x_wconf 76' lang='lat' dir='ltr'><strong>glorie</strong></span> <span class='ocrx_word' id='word_1_237' title='bbox 423 2170 490 2234; x_wconf 79' lang='lat' dir='ltr'><strong>quam</strong></span> <span class='ocrx_word' id='word_1_238' title='bbox 505 2169 614 2235; x_wconf 80' lang='lat' dir='ltr'><strong>perlectis</strong></span> <span class='ocrx_word' id='word_1_239' title='bbox 635 2159 737 2232; x_wconf 82' lang='lat' dir='ltr'><strong>corporis</strong></span> <span class='ocrx_word' id='word_1_240' title='bbox 756 2164 837 2228; x_wconf 87' lang='lat' dir='ltr'><strong>mixti·</strong></span> 
     </span>
     <span class='ocr_line' id='line_1_31' title="bbox 40 2235 838 2308; baseline -0.01 -16"><span class='ocrx_word' id='word_1_241' title='bbox 40 2243 85 2293; x_wconf 91' lang='lat' dir='ltr'><strong>nisi</strong></span> <span class='ocrx_word' id='word_1_242' title='bbox 101 2243 169 2293; x_wconf 90' lang='lat' dir='ltr'><strong>etiam</strong></span> <span class='ocrx_word' id='word_1_243' title='bbox 183 2256 266 2308; x_wconf 89' lang='lat' dir='ltr'><strong>corpus</strong></span> <span class='ocrx_word' id='word_1_244' title='bbox 280 2242 395 2292; x_wconf 84' lang='lat' dir='ltr'><strong>mixtum</strong></span> <span class='ocrx_word' id='word_1_245' title='bbox 389 2255 414 2292; x_wconf 91' lang='lat' dir='ltr'><strong>m</strong></span> <span class='ocrx_word' id='word_1_246' title='bbox 427 2254 452 2291; x_wconf 87' lang='lat' dir='ltr'><strong>se</strong></span> <span class='ocrx_word' id='word_1_247' title='bbox 468 2242 550 2292; x_wconf 83' lang='lat' dir='ltr'><strong>habeut</strong></span> <span class='ocrx_word' id='word_1_248' title='bbox 564 2239 654 2304; x_wconf 79' lang='lat' dir='ltr'><strong>aliquod</strong></span> <span class='ocrx_word' id='word_1_249' title='bbox 662 2235 838 2300; x_wconf 80' lang='lat' dir='ltr'><strong>incorruptionis</strong></span> 
     </span>
     <span class='ocr_line' id='line_1_32' title="bbox 40 2307 838 2396; baseline -0.011 -32"><span class='ocrx_word' id='word_1_250' title='bbox 40 2312 190 2378; x_wconf 82' lang='lat' dir='ltr'><strong>principium,</strong></span> <span class='ocrx_word' id='word_1_251' title='bbox 198 2315 257 2364; x_wconf 86' lang='lat' dir='ltr'><strong>sieut</strong></span> <span class='ocrx_word' id='word_1_252' title='bbox 269 2327 353 2378; x_wconf 88' lang='lat' dir='ltr'><strong>cerpus</strong></span> <span class='ocrx_word' id='word_1_253' title='bbox 367 2315 500 2396; x_wconf 80' lang='lat' dir='ltr'><strong>humanum,</strong></span> <span class='ocrx_word' id='word_1_254' title='bbox 512 2312 578 2376; x_wconf 81' lang='lat' dir='ltr'><strong>cujus</strong></span> <span class='ocrx_word' id='word_1_255' title='bbox 593 2311 665 2361; x_wconf 83' lang='lat' dir='ltr'><strong>foruna</strong></span> <span class='ocrx_word' id='word_1_256' title='bbox 675 2307 725 2358; x_wconf 89' lang='lat' dir='ltr'><strong>est</strong></span> <span class='ocrx_word' id='word_1_257' title='bbox 719 2319 838 2370; x_wconf 80' lang='lat' dir='ltr'><strong>incorrup-</strong></span> 
     </span>
     <span class='ocr_line' id='line_1_33' title="bbox 39 2380 841 2452; baseline -0.01 -14"><span class='ocrx_word' id='word_1_258' title='bbox 39 2389 121 2439; x_wconf 85' lang='lat' dir='ltr'><strong>tibilis</strong></span> <span class='ocrx_word' id='word_1_259' title='bbox 139 2387 291 2439; x_wconf 82' lang='lat' dir='ltr'><strong>Nihilominus</strong></span> <span class='ocrx_word' id='word_1_260' title='bbox 303 2392 378 2452; x_wconf 84' lang='lat' dir='ltr'><strong>tamen</strong></span> <span class='ocrx_word' id='word_1_261' title='bbox 388 2425 396 2450; x_wconf 91' lang='lat'><strong><em>,</em></strong></span> <span class='ocrx_word' id='word_1_262' title='bbox 407 2387 510 2450; x_wconf 86' lang='lat' dir='ltr'><strong>quamuis</strong></span> <span class='ocrx_word' id='word_1_263' title='bbox 524 2382 676 2448; x_wconf 83' lang='lat' dir='ltr'><strong>aliquomodo</strong></span> <span class='ocrx_word' id='word_1_264' title='bbox 689 2394 772 2444; x_wconf 86' lang='lat' dir='ltr'><strong>corpus</strong></span> <span class='ocrx_word' id='word_1_265' title='bbox 783 2380 841 2430; x_wconf 86' lang='lat' dir='ltr'><strong>mix-</strong></span> 
     </span>
     <span class='ocr_line' id='line_1_34' title="bbox 42 2453 840 2524; baseline -0.006 -15"><span class='ocrx_word' id='word_1_266' title='bbox 42 2465 89 2510; x_wconf 88' lang='lat' dir='ltr'><strong>tum</strong></span> <span class='ocrx_word' id='word_1_267' title='bbox 103 2461 133 2510; x_wconf 84' lang='lat' dir='ltr'><strong>sit</strong></span> <span class='ocrx_word' id='word_1_268' title='bbox 147 2459 246 2510; x_wconf 83' lang='lat' dir='ltr'><strong>nobilius</strong></span> <span class='ocrx_word' id='word_1_269' title='bbox 260 2460 326 2524; x_wconf 83' lang='lat' dir='ltr'><strong>qu&#39;atu</strong></span> <span class='ocrx_word' id='word_1_270' title='bbox 339 2460 444 2524; x_wconf 76' lang='lat' dir='ltr'><strong>simplex,</strong></span> <span class='ocrx_word' id='word_1_271' title='bbox 456 2457 553 2509; x_wconf 90' lang='lat' dir='ltr'><strong>nobilius</strong></span> <span class='ocrx_word' id='word_1_272' title='bbox 562 2460 638 2506; x_wconf 86' lang='lat' dir='ltr'><strong>tamen</strong></span> <span class='ocrx_word' id='word_1_273' title='bbox 647 2467 698 2504; x_wconf 83' lang='lat' dir='ltr'><strong>esse</strong></span> <span class='ocrx_word' id='word_1_274' title='bbox 710 2453 840 2504; x_wconf 83' lang='lat' dir='ltr'><strong>babetcor·</strong></span> 
     </span>
    </p>
   </div>
   <div class='ocr_carea' id='block_1_5' title="bbox 41 2525 841 2799">
    <p class='ocr_par' dir='ltr' id='par_1_8' title="bbox 41 2525 838 2799">
     <span class='ocr_line' id='line_1_35' title="bbox 42 2525 838 2598; baseline -0.01 -15"><span class='ocrx_word' id='word_1_275' title='bbox 42 2547 83 2596; x_wconf 91' lang='lat' dir='ltr'><strong>pus</strong></span> <span class='ocrx_word' id='word_1_276' title='bbox 100 2533 201 2598; x_wconf 84' lang='lat' dir='ltr'><strong>simplex</strong></span> <span class='ocrx_word' id='word_1_277' title='bbox 213 2531 339 2583; x_wconf 84' lang='lat' dir='ltr'><strong>secundbm</strong></span> <span class='ocrx_word' id='word_1_278' title='bbox 358 2545 382 2583; x_wconf 89' lang='lat' dir='ltr'><strong>se</strong></span> <span class='ocrx_word' id='word_1_279' title='bbox 397 2532 497 2582; x_wconf 79' lang='lat' dir='ltr'><strong>existens</strong></span> <span class='ocrx_word' id='word_1_280' title='bbox 511 2528 577 2593; x_wconf 78' lang='lat' dir='ltr'><strong>quim</strong></span> <span class='ocrx_word' id='word_1_281' title='bbox 596 2525 717 2578; x_wconf 84' lang='lat' dir='ltr'><strong>eristens&#39;</strong></span> <span class='ocrx_word' id='word_1_282' title='bbox 710 2537 735 2575; x_wconf 88' lang='grc' dir='ltr'><strong>ιι</strong></span> <span class='ocrx_word' id='word_1_283' title='bbox 751 2525 838 2588; x_wconf 84' lang='grc' dir='ltr'>ιιιιιο;</span> 
     </span>
     <span class='ocr_line' id='line_1_36' title="bbox 41 2597 841 2682; baseline -0.009 -29"><span class='ocrx_word' id='word_1_284' title='bbox 41 2605 93 2668; x_wconf 88' lang='lat' dir='ltr'><strong>quia</strong></span> <span class='ocrx_word' id='word_1_285' title='bbox 107 2605 132 2655; x_wconf 89' lang='lat' dir='ltr'><strong>in</strong></span> <span class='ocrx_word' id='word_1_286' title='bbox 150 2604 223 2654; x_wconf 78' lang='lat' dir='ltr'><strong>mixto</strong></span> <span class='ocrx_word' id='word_1_287' title='bbox 237 2608 292 2654; x_wconf 86' lang='lat' dir='ltr'><strong>sunt</strong></span> <span class='ocrx_word' id='word_1_288' title='bbox 303 2617 396 2667; x_wconf 89' lang='lat' dir='ltr'><strong>corpora</strong></span> <span class='ocrx_word' id='word_1_289' title='bbox 415 2601 526 2666; x_wconf 83' lang='lat' dir='ltr'><strong>simplicia</strong></span> <span class='ocrx_word' id='word_1_290' title='bbox 538 2597 722 2682; x_wconf 81' lang='lat' dir='ltr'><strong>qnodammodo</strong></span> <span class='ocrx_word' id='word_1_291' title='bbox 716 2609 740 2647; x_wconf 93' lang='grc' dir='ltr'><strong>ιι</strong></span> <span class='ocrx_word' id='word_1_292' title='bbox 754 2599 841 2660; x_wconf 88' lang='lat' dir='ltr'><strong>poten-</strong></span> 
     </span>
     <span class='ocr_line' id='line_1_37' title="bbox 43 2669 839 2741; baseline -0.009 -16"><span class='ocrx_word' id='word_1_293' title='bbox 43 2678 84 2740; x_wconf 78' lang='lat' dir='ltr'><strong>tia3</strong></span> <span class='ocrx_word' id='word_1_294' title='bbox 95 2677 120 2726; x_wconf 89' lang='lat' dir='ltr'><strong>iu</strong></span> <span class='ocrx_word' id='word_1_295' title='bbox 138 2677 222 2741; x_wconf 88' lang='lat' dir='ltr'><strong>seipsis</strong></span> <span class='ocrx_word' id='word_1_296' title='bbox 239 2679 315 2726; x_wconf 86' lang='lat' dir='ltr'><strong>autem</strong></span> <span class='ocrx_word' id='word_1_297' title='bbox 330 2677 467 2738; x_wconf 81' lang='lat' dir='ltr'><strong>existentia,</strong></span> <span class='ocrx_word' id='word_1_298' title='bbox 481 2677 536 2726; x_wconf 85' lang='lat' dir='ltr'><strong>sunt</strong></span> <span class='ocrx_word' id='word_1_299' title='bbox 557 2673 580 2722; x_wconf 87' lang='lat' dir='ltr'><strong>in</strong></span> <span class='ocrx_word' id='word_1_300' title='bbox 598 2671 679 2723; x_wconf 86' lang='lat' dir='ltr'><strong>ultima</strong></span> <span class='ocrx_word' id='word_1_301' title='bbox 701 2670 736 2720; x_wconf 91' lang='lat' dir='ltr'><strong>sui</strong></span> <span class='ocrx_word' id='word_1_302' title='bbox 749 2669 839 2734; x_wconf 85' lang='lat' dir='ltr'><strong>perlec-</strong></span> 
     </span>
     <span class='ocr_line' id='line_1_38' title="bbox 43 2748 113 2799; baseline 0.034 -3"><span class='ocrx_word' id='word_1_303' title='bbox 43 2748 113 2799; x_wconf 79' lang='lat' dir='ltr'><strong>lions.</strong></span> 
     </span>
    </p>
   </div>
   <div class='ocr_carea' id='block_1_6' title="bbox 412 2823 506 2850">
    <p class='ocr_par' dir='ltr' id='par_1_9' title="bbox 412 2823 506 2850">
     <span class='ocr_line' id='line_1_39' title="bbox 412 2823 506 2850; baseline 0 -22"><span class='ocrx_word' id='word_1_304' title='bbox 412 2833 439 2850; x_wconf 53' lang='lat'><strong>*-</strong></span> <span class='ocrx_word' id='word_1_305' title='bbox 504 2823 506 2828; x_wconf 79' lang='grc'>,</span> 
     </span>
    </p>
   </div>
   <div class='ocr_carea' id='block_1_7' title="bbox 0 0 982 3332">
    <p class='ocr_par' dir='ltr' id='par_1_10' title="bbox 0 0 982 3332">
     <span class='ocr_line' id='line_1_40' title="bbox 0 0 982 3332; baseline 0 0"><span class='ocrx_word' id='word_1_306' title='bbox 0 0 982 3332; x_wconf 95' lang='lat' dir='ltr'><strong> </strong></span> 
     </span>
    </p>
   </div>
  </div>
 </body>
</html>
