1936 3306
252 177 256 182 ·
269 163 300 204 ns
316 163 456 206 suessanus
469 166 630 207 montuosum.
807 161 852 210 stt

346 347 507 405 lucrecius
528 351 557 407 v.
658 336 661 340 ’

111 478 203 524 Utrum
221 475 340 533 suffrapia
351 477 448 533 prosint
465 477 619 524 existentibus
636 479 664 524 in
679 479 783 536 insessio.

64 604 108 655 sd
128 603 238 668 quintum
252 603 286 654 sic
297 603 437 669 proceditur.
452 604 549 656 Videtur
559 603 621 668 qubd
637 605 745 670 suffragia
762 609 851 672 prosint

29 673 198 727 existentibus
211 675 235 725 in
249 675 348 726 interno.
366 677 410 727 Per
423 677 467 726 boc
477 673 537 740 quod
547 675 642 727 babetur
653 677 681 728 ll.
692 679 784 735 noos,
797 679 849 743 llll,

28 747 73 798 ubi
89 745 182 797 dicitur
196 745 258 810 quod
273 763 287 795 u
303 746 442 799 iuueneumt
455 747 497 798 sub
513 748 599 799 tunicis
622 747 794 801 interfectorum
809 751 848 803 do-

27 818 103 868 naria
127 816 242 868 idolorum
256 817 270 868 d
287 818 369 882 quibus
389 819 428 870 lex
440 819 575 883 prohibebat
587 819 691 883 iudeos3
704 835 718 867 n
733 823 757 871 et
769 824 848 872 tamen

28 895 88 953 post
105 888 231 950 subditur,
242 888 302 953 quod
314 889 383 941 indas
399 890 517 942 duodecim
537 890 608 941 millia
628 891 745 942 drachmas
759 895 849 956 argenti

28 961 103 1012 misit
123 959 306 1026 Hierosolymam
320 961 395 1012 offerri
404 974 444 1027 pro
458 963 557 1026 peccatis
566 965 713 1012 mortuumm.
725 978 739 1008 n
751 963 846 1015 Constet

28 1037 121 1083 autem
134 1031 188 1082 illos
201 1045 308 1096 peccasse
327 1034 464 1098 mortaliter,
476 1039 553 1086 contra
568 1035 642 1098 legem
656 1031 765 1098 agentes,
782 1036 850 1087 etita

28 1105 55 1154 in
68 1107 186 1170 -peccato
200 1105 290 1157 mortali
304 1106 445 1170 decessisse,
460 1110 484 1158 et
504 1106 537 1157 sic
551 1106 579 1156 ad
591 1106 692 1157 internos
704 1119 755 1158 csse
769 1109 848 1160 tram-

29 1175 107 1226 latos.
124 1175 185 1240 Ergo
197 1176 348 1229 existentibus
363 1178 388 1227 in
398 1178 488 1230 interno
499 1177 606 1242 suffragia
622 1181 724 1242 prosunt.

64 1255 93 1298 2.
113 1248 230 1300 Praeterea
248 1249 272 1299 in
284 1249 359 1300 littera
381 1251 435 1314 (lv.
448 1252 519 1300 Sent.
532 1250 541 1314 )
553 1251 649 1301 babetur
663 1262 692 1300 ex
709 1249 787 1300 serbis
802 1252 849 1301 du·

30 1315 131 1382 gustini
144 1318 204 1384 quod
221 1319 325 1386 equibus
336 1325 432 1386 prosunt
441 1321 556 1386 suffragia,
570 1322 607 1372 rel
618 1322 647 1372 ad
657 1323 701 1371 boc
715 1325 812 1389 prosunt
821 1326 848 1372 nt

30 1391 64 1441 sit
79 1391 158 1456 plena
172 1391 294 1455 remissio,
308 1393 345 1444 vel
358 1394 387 1444 ad
400 1395 443 1445 boc
455 1396 482 1443 ut
494 1392 632 1444 tolerabilior
645 1392 677 1442 sit
692 1404 770 1442 eorum
783 1392 846 1442 dam-

31 1463 115 1514 natio.
130 1477 145 1510 n
159 1461 205 1513 Sed
218 1463 291 1514 solium
303 1465 338 1516 illl
351 1467 390 1530 qui
406 1465 431 1516 in
443 1465 534 1516 inferno
550 1467 616 1525 sunt,
630 1463 731 1513 damnati
743 1473 793 1514 esse
812 1462 848 1513 di·

32 1538 133 1586 cuntur.
152 1533 213 1598 Ergo
227 1536 295 1586 etiam
311 1536 460 1587 existentibus
476 1537 500 1586 iu
515 1535 605 1586 inferno
619 1533 726 1596 sutfragia
739 1537 844 1598 prosunt.

66 1611 95 1656 3.
116 1605 245 1672 Praeterea,
259 1607 390 1674 Dionysius,
400 1609 502 1672 nltcap.
511 1608 602 1658 Erotes.
616 1605 756 1662 literorci„
769 1604 840 1655 dicit:

34 1693 49 1724 u
61 1678 93 1728 Si
107 1677 149 1727 bic
161 1677 274 1740 justorum
286 1680 399 1732 orationes
415 1683 438 1732 et
451 1678 576 1732 secundnm
592 1680 651 1728 banc
662 1677 748 1740 ritem,
761 1676 847 1741 quantb

33 1750 114 1814 magis
128 1752 305 1816 postmortem,
320 1751 345 1802 in
359 1751 405 1802 illis
424 1751 463 1816 qui
476 1749 540 1814 digni
552 1753 606 1801 sunt
623 1748 692 1800 sacris
706 1748 845 1800 orationibus

34 1825 168 1885 operantur
179 1823 335 1886 tantummodo
344 1823 354 1873 l
362 1839 376 1872 a
384 1823 419 1874 ltx
432 1835 477 1887 quo
490 1825 566 1888 potest
580 1821 652 1886 accipi
666 1822 726 1886 quod
739 1819 844 1884 sutfragia

35 1891 116 1956 magis
131 1897 231 1956 prosunt
243 1895 350 1957 mortuis,
367 1895 433 1960 quam
447 1895 517 1946 rivis.
531 1895 576 1945 Sed
594 1893 654 1944 vivis
665 1896 759 1958 prosunt
774 1891 843 1942 stiam

36 1961 62 2012 in
76 1966 178 2028 peccato
197 1965 289 2014 mortali
304 1965 472 2029 existentibus,
486 1965 538 2016 cdm
553 1964 655 2029 qnotidie
674 1970 723 2016 oret
744 1962 844 2014 Ecclesia

36 2047 79 2097 pro
88 2036 266 2101 peccatoribus,
276 2037 301 2087 ut
317 2041 477 2089 convertantur
491 2037 519 2088 ad
531 2039 611 2088 Deum.
623 2038 683 2100 llrgo
696 2035 765 2088 etiam
780 2047 842 2086 mor·

37 2106 85 2156 tuis
99 2105 127 2156 iu
144 2111 241 2171 peccato
254 2110 344 2161 mortali
356 2109 515 2173 existentibus,
530 2108 638 2172 suffragia
650 2107 735 2157 velem.

70 2181 95 2226 l.
114 2179 244 2242 Praeterea,
258 2181 283 2230 in
297 2181 355 2233 Vitis
371 2183 465 2232 Petrum
477 2181 559 2246 legitur
576 2179 651 2246 (qnod
664 2178 732 2229 etiam
744 2178 841 2228 bamas-

38 2260 114 2298 cenus
132 2249 157 2299 irr
170 2263 277 2303 sermone
297 2265 339 2304 suo
359 2253 428 2304 reteri
439 2253 446 2315 l
459 2252 520 2317 qudd
533 2251 643 2303 Macarius
661 2248 757 2299 inuenta
769 2249 794 2298 in
807 2249 847 2300 ria

38 2319 143 2370 calatrid
154 2321 273 2385 cujusdem
284 2323 400 2388 defuncti,
412 2323 512 2374 oratione
521 2320 647 2388 premissi,
660 2320 767 2384 quesivit
777 2320 845 2384 cujus

39 2395 111 2456 ceput
123 2391 222 2458 fuisset,
232 2398 257 2446 et
267 2401 336 2460 caput
345 2395 463 2460 respondit
475 2395 536 2459 quod
548 2394 623 2445 tuerat
634 2389 757 2443 sacerdotis
770 2391 844 2454 genti-

39 2461 67 2512 lis
80 2463 122 2528 qui
136 2465 162 2514 in
171 2465 261 2518 interno
271 2472 320 2518 erat
335 2469 595 2536 damnatissimum
609 2464 727 2515 confessus
743 2469 780 2514 est
792 2475 843 2514 ora·

39 2534 104 2586 tione
117 2536 210 2586 llucerii
222 2551 248 2588 sc
258 2543 282 2590 et
295 2539 351 2590 ulios
359 2538 444 2604 juvari.
455 2539 514 2601 Ergo
525 2536 632 2600 suffragia
641 2533 758 2597 Ecclesia,
772 2536 841 2586 etiam

40 2603 64 2654 iu
77 2605 170 2658 interno
184 2607 336 2661 existentibus
349 2612 454 2675 prosunt.
571 2672 573 2677 Ι

74 2683 96 2727 5.
115 2679 245 2746 Praeterea,
260 2682 414 2733 Damascenns
430 2681 455 2731 in
472 2679 552 2731 eodem
567 2691 672 2730 sermone
689 2681 765 2728 narrat
783 2677 843 2741 qudd

44 2751 178 2815 Gregorius,
187 2765 229 2817 pro
240 2753 339 2819 traiani
349 2751 597 2814 orationemlnndeus,
609 2750 695 2802 audivit
703 2763 786 2803 rocem
799 2749 842 2800 sibi

45 2821 153 2874 divinitus
167 2823 303 2877 dicentem:
322 2843 336 2874 (ι
355 2827 440 2877 Vocem
454 2828 517 2874 tuam
534 2821 624 2884 audiui,
643 2822 769 2874 streniam
786 2820 841 2870 Tra·

44 2891 98 2953 imo
113 2895 180 2960 do;u
194 2897 260 2962 cujus
272 2898 322 2964 rei,
332 2897 486 2951 nummorum
503 2893 559 2946 dicit
570 2893 595 2944 in
609 2892 668 2947 dicto
682 2905 800 2953 menone,
814 2892 840 2939 ut
