1966 3304
134 115 180 162 eit
266 123 465 175 spernendumne,
482 121 576 170 onnsr.
593 120 754 175 summanr.
772 122 798 161 n.

422 307 582 360 indictitiis
595 309 626 359 it.

136 481 138 488 ,
174 437 456 495 ntromflteetucotomt
469 437 568 548 omaso
582 409 897 496 sementationem·

470 514 540 560 tepor
551 514 599 556 cre.
954 537 966 566 0

165 636 198 687 nd
216 634 339 689 secuudum
355 633 389 686 sic
406 634 544 700 proceditur.
566 633 661 686 Videtur
681 633 741 699 quod
761 632 876 698 illegitimi
894 633 945 685 lilii
969 665 970 716 p

133 719 180 757 non
190 707 287 758 deleant
299 720 328 764 en
342 709 387 757 hoc
403 706 494 771 aliquod
512 707 624 774 damnum
634 709 756 772 reportare.
774 705 941 774 Quinctilius
969 717 970 774 p

134 791 181 828 non
191 777 258 830 debet
270 777 346 844 puniri
356 791 397 844 pro
406 782 499 843 peccato
510 777 595 844 petris,
607 795 622 826 r
633 783 660 830 ut
672 782 735 844 patet
744 791 784 844 per
793 777 939 829 seutentiam

133 848 236 914 Domini,
255 850 356 912 Erech„
374 850 453 902 XVlll.
476 851 521 902 Sed
541 849 602 914 qnod
620 851 664 902 iste
681 854 788 902 nascatur
802 863 832 900 ex
852 847 940 900 illicito

134 921 196 976 coitu
201 959 210 985 ‚
221 935 268 974 non
279 925 313 973 est
323 925 440 986 peccatum
453 918 584 987 proprium,
600 923 640 974 sed
652 926 770 986 peccatum
779 920 862 986 patris.
873 921 937 986 Ergo

133 1007 163 1044 ex
177 995 221 1046 hoe
235 1007 281 1044 non
298 994 365 1046 debet
378 991 470 1058 aliquod
483 994 590 1047 damnum
604 993 726 1046 incurrere.

166 1071 189 1116 a.
204 1067 327 1128 Prmtcrca,
339 1063 427 1128 justitie
445 1066 544 1116 humana
559 1068 595 1116 cst
611 1066 739 1130 exemplata
753 1061 866 1114 ldivine.
893 1065 941 1115 Sed

133 1141 193 1191 Deus
208 1138 326 1203 aequalior
337 1137 433 1200 largitur
445 1137 505 1188 bona
521 1137 634 1188 naturalia
645 1135 754 1202 legitimis
769 1141 792 1187 et
808 1137 942 1202 illegitimis

133 1212 195 1262 filiis.
210 1212 269 1276 Ergo
292 1215 314 1262 et
334 1209 459 1262 secundini
476 1211 529 1274 jura
544 1211 643 1260 humana
662 1209 703 1260 tilii
719 1207 832 1274 illegitimi
849 1209 940 1260 debent

133 1283 242 1348 legitimis
252 1282 395 1350 equiperari.

165 1355 210 1406 Sed
226 1359 303 1408 souma
319 1358 369 1419 est,
384 1353 445 1420 quod
462 1352 545 1404 dicitnr
559 1355 657 1412 Geoes,
670 1353 744 1416 XXV,
759 1352 820 1418 quod
835 1368 850 1401 «
863 1352 941 1404 lbra·

133 1429 186 1478 ham
201 1427 263 1478 dedit
279 1428 355 1479 omnia
369 1439 411 1478 sua
422 1426 482 1477 hona
498 1427 574 1486 isaac,
589 1429 613 1478 et
625 1427 678 1478 liliis
693 1425 872 1478 concubinarum
891 1426 941 1476 lar-

132 1501 193 1564 gitus
208 1503 242 1551 est
255 1511 363 1562 munere3
379 1501 429 1549 »et
444 1499 522 1548 tamen
538 1497 632 1550 illinon
648 1501 713 1550 erent
726 1511 755 1550 ex
770 1496 852 1548 illicito
870 1497 938 1549 coitu

132 1572 189 1638 nati.
204 1573 264 1636 Ergo
279 1569 438 1633 multomagis
455 1569 538 1621 debent
554 1569 588 1621 illi
604 1569 645 1634 qni
658 1584 687 1622 ex
702 1569 783 1622 illicito
798 1567 862 1621 coitu
875 1582 939 1620 nas-

132 1647 225 1706 cuntur,
241 1645 284 1694 hoc
293 1643 401 1694 damnum
414 1643 546 1706 reportare,
559 1640 621 1708 qndd
634 1654 681 1692 non
693 1641 818 1694 succedunt
828 1639 854 1692 in
865 1641 939 1694 bonis

131 1716 239 1780 paternis.
326 1733 327 1736 ¹

163 1785 318 1852 (cormesio.
328 1783 444 1837 -Liberi
460 1779 579 1850 illegitimi
587 1784 671 1850 duplici
684 1786 767 1838 damno
782 1783 937 1852 alliciuntur:

131 1872 202 1910 unum
217 1863 252 1910 cst
261 1858 329 1922 ,quia
342 1871 389 1909 non
405 1856 554 1908 admittuntur
564 1856 592 1907 ad
601 1860 666 1908 actus
678 1856 808 1924 legitimos3
824 1858 937 1924 alterum,

131 1931 192 1996 qu'od
210 1943 258 1982 nou
275 1930 400 1992 succedunt
416 1929 442 1978 in
456 1927 591 1982 haereditate
604 1935 709 1994 patema.
730 1929 757 1980 ln
771 1932 836 1982 sexte
855 1935 939 1982 tamen

131 2007 196 2069 parte
216 2003 338 2054 succedere
353 2005 451 2067 pessunt
467 2001 581 2052 naturales
596 2001 652 2066 filii;
669 2001 742 2067 spurii
757 2002 811 2052 vero
826 2003 889 2053 nulla
906 2017 940 2054 ex

131 2081 205 2141 parte,
219 2075 265 2125 nisi
275 2073 336 2138 quod
346 2073 379 2124 eis
389 2075 497 2137 parentes
505 2074 636 2125 necessarie
647 2074 793 2142 suppeditare
802 2076 936 2139 tenentur.)

162 2144 297 2212 Respondeo
312 2143 446 2206 dicendum,
465 2141 524 2208 qudd
536 2142 618 2208 aliquis
635 2144 718 2194 dicitnr
730 2143 839 2194 damnum
852 2143 936 2195 incur-

130 2232 180 2271 rere
193 2217 333 2284 dupliciter:
347 2215 397 2266 lluo
411 2215 486 2277 modo,
496 2227 538 2281 per
554 2217 597 2266 lroc
610 2215 671 2280 quod
685 2217 708 2267 ei
720 2215 863 2266 subtrahitur
870 2216 937 2280 guod

131 2294 180 2344 erat
193 2291 215 2340 ei
229 2289 342 2351 debitum3
357 2292 381 2338 el
396 2285 429 2338 sic
445 2286 505 2338 iilius
522 2287 655 2352 illegitimus
673 2287 760 2339 nudum
776 2287 886 2338 damnum
901 2287 938 2338 in-

132 2361 210 2414 currit.
228 2359 279 2412 llio
289 2358 369 2420 modo,
384 2372 426 2423 pen
441 2360 486 2408 hoc
504 2358 565 2420 quod
576 2357 694 2423 eisldquid
709 2371 756 2410 non
768 2363 804 2410 est
815 2359 935 2424 debitum,

131 2435 192 2498 quod
210 2432 264 2483 aliis
284 2433 373 2495 poterat
390 2443 442 2480 esse
462 2428 484 2480 ei
506 2427 623 2493 debiturn3
637 2434 662 2480 et
677 2431 709 2480 sic
725 2429 785 2482 lilius
797 2426 936 2494 illegitimus
969 2427 970 2509 l

132 2506 240 2555 damnum
250 2503 347 2554 incurrit
361 2501 459 2566 duplex:
473 2512 556 2562 unum,
570 2499 813 2563 quianonndmiltitur
826 2502 855 2553 ad
868 2505 936 2553 actus
969 2511 970 2576 p

131 2575 260 2638 legitimos,
275 2574 334 2626 sicut
352 2575 380 2624 ad
396 2572 471 2623 oiiicia
484 2572 522 2622 vel
534 2571 672 2636 dignitates,
690 2585 742 2636 qun
755 2572 877 2636 requirunt
892 2575 935 2625 ali·
969 2577 970 2646 l

132 2659 200 2710 quam
214 2647 356 2698 honestatem
374 2645 398 2694 in
415 2643 462 2694 illis
481 2642 521 2708 qni
537 2644 587 2694 hcc
604 2648 719 2696 exercent.
740 2642 806 2694 Aliud
825 2645 935 2698 damnum
969 2651 970 2704 t

130 2717 241 2779 iucumit,
255 2716 308 2780 quia
322 2729 369 2766 non
384 2711 486 2767 succedit
499 2713 523 2763 in
534 2715 667 2765 haereditate
679 2720 782 2779 patema.
793 2715 840 2767 Sed
853 2721 935 2768 tamen
969 2719 970 2780 l

132 2788 245 2840 naturales
260 2786 301 2837 lilii
316 2784 575 2850 succederepossnutin
585 2789 651 2836 sexta
664 2788 728 2850 parte
741 2784 845 2852 tantdm3
860 2790 934 2853 spurii
969 2787 970 2862 i

132 2864 209 2914 autem
221 2860 246 2911 iu
256 2858 401 2925 ntdlaparte,
416 2857 520 2924 quamvis
532 2869 562 2909 ex
572 2857 622 2924 jure
631 2858 730 2910 naturali
743 2862 853 2926 parentes
861 2861 898 2914 eis
908 2861 933 2914 in
969 2865 970 2936 l
