1936 3306
130 133 182 198 set*
268 151 467 206 snrrmnunrmu,
484 155 577 203 ouusr.
593 155 682 206 uniri,
699 155 755 194 nur.
772 156 806 194 ιι.

127 235 206 286 visitat
221 233 301 285 limina
320 233 419 297 alicujus
433 232 514 284 saneti.
529 232 595 304 stude
609 231 660 282 cium
678 232 760 282 mortni
776 246 824 284 uon
844 234 936 300 possint

127 307 203 358 iacere
218 306 306 369 aliquid
322 306 405 355 horum
418 317 460 368 pru
478 303 562 367 quihus
574 302 722 365 indulgentiae
738 303 836 370 dantur,
851 307 884 358 eis
898 307 934 356 di-

66 396 69 404 ’
130 378 191 430 recte
205 375 352 439 indulgentiae
363 377 440 428 ualere
451 389 496 427 non
508 380 613 440 possunt.
626 375 764 427 secuudurid
775 380 854 428 autern
864 382 885 429 et
900 378 938 428 ln·

129 449 215 500 directe
233 452 328 512 prosunt
343 449 364 498 ei
379 461 421 513 pro
435 461 480 512 qun
499 447 582 512 aliquis
595 446 720 498 lacitillud
733 449 793 512 quod
808 453 844 500 est
862 451 939 501 indul-

131 521 310 585 pedriacense,
326 521 386 583 qnod
400 519 535 586 quandoque
544 519 675 583 contingere
692 521 936 588 putest‚quaudoque

130 595 208 642 autern
221 597 268 641 nnn
281 593 377 656 potest,
393 589 517 642 secundum
531 591 643 642 diuersam
658 590 807 657 indulgentiae
828 593 937 644 forman.

132 663 157 713 Si
174 663 235 714 enin
253 661 282 713 sit
297 663 348 713 talis
365 663 514 728 indulgentie
536 663 608 713 lurrna
623 678 629 714 :
647 679 661 712 u
671 663 812 728 Quicumque
825 664 883 715 lacit
896 667 940 716 huc

128 735 167 786 uel
186 734 240 784 illud
252 774 259 795 ‚
273 733 367 786 lrabelrit
379 738 468 786 tantum
482 737 510 785 de
527 733 701 798 indulgentius>
716 733 754 785 illc
775 735 815 800 qui
827 736 873 786 hnc
886 736 939 786 lacit

133 817 179 857 uun
190 809 265 870 potest
275 806 373 856 fructum
385 805 534 870 indulgentie
548 807 572 861 iu
584 806 653 881 aliurn
664 805 806 868 transferre,
820 808 875 870 quia
888 808 940 871 ejus

130 891 178 930 uun
191 881 227 928 est
240 878 356 942 applicare
370 879 398 928 ad
412 877 511 942 aliquem
521 877 676 928 intentionem
690 877 800 930 Ecclesiae
815 891 939 942 perquam

131 949 329 1001 communicantur
352 950 482 1002 commuuia
500 949 624 1014 suffragia,
642 963 671 1001 ex
689 949 773 1014 quihus
787 949 939 1014 indulgentiae

129 1021 226 1083 ualent,
241 1024 266 1071 ut
285 1022 333 1086 jam
354 1021 518 1086 supradictum
534 1026 571 1073 est
584 1025 664 1086 quaest.
677 1025 717 1084 25,
730 1025 774 1070 art.
789 1023 832 1084 a).
843 1021 877 1075 ,si
895 1035 940 1070 au-

131 1095 178 1143 tem
191 1091 334 1156 indulgentia
351 1093 394 1142 sub
405 1093 448 1142 lrac
463 1093 535 1144 foruna
545 1094 585 1142 liat
599 1110 606 1143 :
619 1092 782 1156 «Quicumque
796 1091 878 1143 lecerit
896 1090 939 1144 hdc

130 1165 169 1214 uel
183 1164 254 1228 illud,
265 1164 316 1230 ipse
329 1167 353 1214 et
366 1168 432 1228 pater
445 1165 496 1229 ejus
509 1163 546 1214 uel
555 1163 694 1228 quicumque
707 1163 767 1214 alius
777 1163 800 1214 ei
813 1164 939 1229 adjunctus

131 1235 155 1284 in
169 1235 301 1300 purgatorio
315 1235 421 1286 detentus
434 1237 522 1287 tanturn
536 1235 564 1285 de
578 1235 723 1300 induigentia
735 1233 841 1298 lambit,
858 1252 872 1283 u
888 1236 940 1286 talis

131 1306 272 1370 indulgentia
289 1319 336 1358 non
351 1307 425 1357 sulum
441 1306 504 1369 viru,
517 1307 558 1358 sed
572 1305 641 1356 etiam
655 1309 743 1357 mortua
759 1306 879 1372 proderit3
895 1320 939 1358 nun

132 1379 194 1428 enirn
202 1382 238 1428 est
247 1377 321 1442 aliqua
330 1379 388 1430 ratic
398 1389 468 1442 quare
476 1377 580 1428 Ecclesia
591 1377 715 1430 transferre
724 1379 798 1443 possit
808 1380 939 1430 communia

131 1451 213 1500 nrerita
224 1449 307 1512 quibus
317 1449 467 1520 indulgentie
479 1447 616 1512 innituntur,
627 1448 651 1498 in
664 1449 738 1512 riuos,
750 1452 774 1499 et
784 1463 830 1500 uon
843 1449 869 1499 iu
878 1464 938 1500 anur-

131 1524 193 1572 tuus.
212 1522 260 1571 Nec
272 1525 350 1572 lamen
370 1519 472 1584 sequitur
485 1519 548 1584 qudd
561 1521 670 1584 praelarus
688 1519 795 1572 Ecclesia
812 1521 886 1586 pessit
902 1535 939 1586 pru

132 1605 174 1643 suo
191 1592 284 1644 arbitrie
298 1591 385 1642 animas
399 1591 554 1657 ipurgatcrio
571 1591 669 1643 liberare
676 1627 684 1655 ,
700 1591 753 1656 quia
764 1593 791 1646 ad
808 1593 854 1644 huc
865 1599 892 1644 ut
907 1595 939 1643 iu·

134 1662 258 1726 dulgentire
275 1664 382 1726 ueleant,
399 1663 522 1728 requiritur
539 1675 607 1712 causa
622 1663 763 1714 conueniens
783 1663 938 1730 indulgentius

131 1731 247 1798 lactendi,
263 1737 289 1786 ut
307 1733 473 1800 supradictum
488 1735 634 1800 esthuoest.
652 1737 691 1798 25,
707 1738 749 1785 art.
767 1735 811 1799 2).

318 1881 321 1888 ’
352 1986 354 1990 Δ
425 1876 588 1968 Auurcuuus
602 1915 641 1968 ur.

247 2033 333 2080 Utrum
341 2035 422 2080 celtus
430 2034 585 2092 exequiarum
602 2035 720 2092 defunctis
727 2036 829 2094 prosint.

167 2160 200 2213 Ad
211 2160 355 2212 undecimum
369 2159 403 2220 sic
416 2159 557 2225 proceditur.
567 2159 661 2214 Videtur
674 2163 735 2227 qudd
744 2163 820 2215 cultus
831 2167 936 2232 exequia-

134 2247 186 2286 rum
199 2232 314 2284 defunctis
325 2233 421 2296 prosint.
431 2233 582 2284 namasceuuu
593 2233 654 2284 enirn
669 2234 816 2287 inseruere
828 2239 864 2288 lle
878 2239 935 2288 dor·

136 2304 275 2356 mr'entidur
295 2303 384 2354 inducit
399 2303 469 2356 rerba
483 2304 601 2355 Athanasii
615 2305 649 2356 sic
668 2306 765 2358 dicentis
781 2323 787 2357 :
805 2325 820 2358 u
835 2309 901 2360 Licet
913 2309 933 2357 iu

104 2392 105 2398 ¹
136 2389 189 2428 aere
202 2375 232 2440 is,
242 2375 282 2440 qui
297 2374 417 2440 inpietate
431 2380 601 2427 consummatus
619 2378 670 2439 est,
680 2378 798 2442 depositus
812 2379 894 2444 luerit,
909 2390 935 2428 ue
956 2353 957 2445 i

134 2459 218 2498 renuas
231 2448 307 2499 uleurn
320 2451 345 2498 et
361 2460 442 2509 ceras,
456 2447 527 2498 lleunu
543 2446 668 2511 invocans,
683 2448 706 2498 in
719 2449 825 2513 sepulcro
836 2451 887 2515 ejus
899 2464 933 2499 ar·

135 2518 249 2570 cendere:
264 2523 358 2583 accepta
372 2518 433 2570 eninr
447 2518 491 2567 ista
507 2520 559 2567 suut
578 2519 638 2582 ileu,
651 2523 675 2570 et
691 2520 785 2570 nuultarn
797 2521 825 2571 ala
843 2535 870 2572 eo
881 2521 933 2571 recl·
955 2581 956 2586 ἵ

133 2589 220 2652 pientia
235 2590 418 2642 retributionem.
435 2605 448 2637 u
463 2589 508 2641 Sed
522 2589 654 2653 lrnjusrnodi
670 2591 787 2658 pertinent
804 2594 833 2644 ad
848 2594 929 2644 cultura

133 2659 287 2722 exequiarum.
303 2661 362 2724 iquu
376 2659 450 2711 cultus
465 2659 612 2724 exequiarum
629 2664 721 2727 prodest
735 2663 857 2716 delunetis.
955 2625 956 2717 i

167 2737 194 2780 2.·
206 2734 328 2794 praterea,
340 2732 398 2783 sicut
408 2731 551 2796 Augustinus
560 2732 615 2784 dicit
627 2735 652 2785 in
661 2733 701 2784 lib.
713 2735 730 2785 l.
749 2737 785 2785 De
797 2735 879 2788 Oa'ua't.
891 2734 933 2784 Dei

134 2801 196 2865 (cap.
207 2801 247 2866 lt)
258 2817 265 2852 :
276 2819 289 2850 u
300 2804 447 2866 Antiquarum
458 2803 574 2868 justorum
591 2804 671 2856 irruere
681 2805 785 2857 cilicinsd
800 2807 886 2872 pietute
894 2819 930 2857 eu·
954 2837 955 2840 =

132 2873 404 2938 nutantemque
416 2875 550 2938 celebrate,
564 2881 587 2927 et
598 2877 702 2940 sepulcre
710 2877 816 2943 pransu
831 2878 928 2943 ipsique,
