1980 3320
124 149 158 212 lt
266 157 470 224 sprrmumrnu,
485 155 577 202 nnssr.
594 153 656 203 narr,
671 152 729 190 nur·
743 151 770 192 u.
840 179 846 186 .

119 205 173 286 'Sed
194 236 335 285 sacramenta
355 245 420 284 noun
441 231 499 296 legis
520 230 534 282 t
554 228 644 280 cbristo
662 226 754 279 initium
772 230 938 292 sumpserunt.

124 307 187 372 Ergo
200 319 247 356 nou
263 304 339 355 debuit
351 309 403 354 ante
419 306 535 367 peccatum
549 299 648 350 institui.

123 369 127 376 ’
156 378 202 428 Sed
217 381 295 427 contra
309 379 359 436 est,
369 375 430 438 quod
444 373 527 444 dicitur
540 373 643 426 Mutii„
655 369 723 420 llll:
739 369 815 421 «Non
827 368 935 436 legistis,

42 459 47 472 ’
125 450 179 516 quia
189 448 230 512 qui
239 447 295 500 lecit
311 445 427 498 bominem
440 445 468 495 ab
482 442 562 505 initio,
576 441 703 493 masculum
714 443 737 492 et
749 437 856 492 leminam
871 441 938 493 iecit

123 518 209 574 ensi»
726 553 728 560 r

158 593 290 652 Praeterea,
309 587 478 640 matrimonium
498 589 533 636 est
549 583 679 635 institutum
698 581 728 633 ad
749 583 939 648 procreationem

124 660 208 727 pmlis.
222 659 267 711 Sed
283 664 336 710 ante
354 663 473 724 peccatum
487 662 535 709 erat
549 656 677 708 necessaria
695 653 782 706 homiui
801 655 936 720 procreatio

124 733 208 798 prolis.
225 733 283 795 Ergo
297 735 351 780 ante
367 733 484 794 peccaturo
501 727 579 780 debuit
595 725 763 778 matrimonium
775 725 873 778 institui.

162 805 322 868 (Conclusio.
335 829 367 840 —
386 799 568 862 Matrimonium,
580 802 606 848 ut
617 802 654 848 est
670 797 695 848 in
706 797 807 849 officium
824 802 933 858 natura,

126 875 259 926 institutum
274 873 317 924 luit
328 873 396 924 ilico
407 877 461 922 ante
475 875 607 934 peccatum3
620 873 645 918 ut
657 869 783 920 remedium
796 867 860 930 verb,
874 871 935 936 post

125 949 247 1011 peccalum
261 944 304 994 init
317 943 478 1004 institutum.)

162 1016 299 1080 despondeo
320 1015 456 1073 dicendum,
473 1011 535 1076 qubd
552 1014 633 1061 natura
648 1009 744 1060 inclinat
763 1011 791 1060 ad
813 1009 936 1061 matrimo-

128 1089 210 1148 nium,
225 1088 347 1138 intendens
368 1085 460 1148 aliquod
479 1085 574 1134 bonnm.
590 1083 653 1142 Quod
667 1081 757 1144 quidem
776 1082 875 1132 variatur
895 1096 937 1134 εε-

130 1159 229 1210 cundino
248 1157 351 1208 diversos
363 1155 482 1208 hominnm
496 1158 580 1216 stutus;
593 1156 615 1204 et
632 1153 684 1202 ideo
704 1155 792 1217 oportet
807 1152 883 1220 qubd,
895 1165 937 1204 se·

126 1228 230 1280 cundbrn
242 1228 297 1278 illud
311 1229 410 1285 bonnm,
428 1223 580 1284 diversimode
597 1224 621 1274 iu
636 1222 732 1274 dirersis
748 1223 844 1274 statibus
857 1225 938 1274 bomi-

130 1314 185 1351 num
199 1299 340 1349 instituatur.
354 1298 384 1346 Et
396 1296 448 1346 ideo
459 1290 644 1356 matrimonium,
659 1293 783 1344 secnudbm
796 1293 857 1357 qubd
870 1294 937 1344 ordiu

129 1373 197 1421 natur
205 1371 232 1419 ud
249 1368 430 1434 procreationem
441 1365 524 1430 prolis,
537 1377 588 1428 qua
598 1368 647 1414 crat
658 1364 786 1415 necessaria
797 1365 866 1414 etiam
875 1377 935 1426 pec·

128 1444 182 1492 cato
193 1453 239 1491 non
257 1438 384 1496 existente,
395 1437 524 1487 institutum
536 1435 582 1484 luit
591 1438 644 1484 aute
660 1439 790 1499 peccatum
805 1434 933 1486 secundbm

129 1515 207 1562 autem
227 1510 285 1573 qubd
301 1508 425 1559 remedium
448 1506 534 1571 prebet
549 1510 628 1556 contra
645 1506 727 1555 vulnus
746 1506 846 1570 peccati,
860 1506 935 1557 insti-

129 1587 207 1634 tutum
225 1580 267 1631 luit
279 1583 330 1644 post
343 1581 483 1643 peccatum,
500 1581 601 1642 tempore
620 1577 678 1640 legis
694 1579 795 1640 naturae3
806 1577 934 1629 sennanim

131 1659 207 1706 autem
223 1651 434 1703 determinationem
447 1660 610 1714 personarum,
627 1648 793 1701 institutionem
810 1647 889 1700 babuit
906 1649 932 1701 in

128 1728 181 1792 lege
193 1725 281 1790 bloysi3
294 1725 333 1775 sed
346 1723 469 1774 secundbm
486 1721 547 1786 qubd
560 1724 709 1786 representat
725 1714 934 1786 mysteriimcon-

126 1795 258 1862 junctionis
272 1793 355 1846 Christi
369 1798 392 1844 ct
409 1789 532 1854 Ecclesia,
548 1789 717 1842 iustitutionem
733 1791 813 1842 babuit
827 1793 852 1842 in
872 1804 934 1842 noua

128 1869 192 1931 lege,
203 1871 226 1918 et
235 1865 358 1916 secundium
374 1866 419 1915 boc
429 1869 465 1916 est
478 1867 641 1914 sacramentum
656 1863 803 1926 novatoris.
819 1861 933 1921 ouantnm

132 1937 188 1990 verb
198 1937 225 1988 ad
236 1937 292 1986 alias
300 1935 411 1986 utilitates
423 1948 474 2000 qua
485 1948 514 1986 ex
524 1933 667 1984 matrimonio
679 1935 857 1999 consequuntur,
872 1933 934 1995 sicut

129 2015 169 2062 est
183 2008 283 2060 amicitia
297 2012 321 2058 et
339 2011 442 2057 mutuum
454 2005 586 2070 obsequium
600 2003 645 2056 sibi
662 2005 675 2056 t
688 2005 824 2070 conjugibus
844 2005 935 2070 impen-

128 2094 197 2142 sum,
215 2080 284 2130 babet
303 2079 471 2130 institutionem
486 2078 509 2128 in
525 2077 574 2142 lege
592 2077 662 2128 cirili.
677 2078 724 2128 Sed
738 2079 792 2143 quia
805 2077 833 2128 de
845 2075 933 2130 ratione

127 2145 269 2203 'sacramenti
287 2157 323 2201 est
335 2151 395 2215 qubd
414 2151 443 2202 sit
457 2151 548 2214 signum
559 2154 582 2201 ct
595 2149 736 2212 remedium,
752 2150 803 2200 ideo
822 2148 934 2213 quanlirm

127 2224 160 2282 ad
180 2222 267 2280 medias
289 2221 446 2273 institutiones
468 2222 578 2286 competit
599 2221 621 2274 ei
643 2221 701 2271 ratio
721 2219 872 2283 sacrameuli;
889 2219 930 2270 sed

126 2291 241 2358 ouantim
251 2292 279 2343 ad
288 2293 382 2359 primam
392 2292 569 2353 institutionem,
581 2291 690 2354 competit
701 2289 791 2353 eiqudd
800 2291 830 2342 sit
840 2290 864 2339 in
875 2292 934 2356 οἶβ-

131 2367 199 2416 eiam
214 2369 328 2428 nnturoe,·
344 2364 453 2430 quantirnr
471 2364 528 2417 rerd
543 2365 571 2414 ad
585 2363 702 2427 ultimam,
716 2361 776 2428 qubd
790 2364 821 2416 sit
835 2363 859 2414 iu
873 2363 932 2428 offi-

129 2437 201 2488 dum
215 2435 363 2487 civilitatis.

127 2503 131 2574 j
164 2507 310 2574 ltprimum
333 2523 387 2573 ergo
410 2508 546 2569 dicendum,
561 2507 621 2571 qubd
640 2505 681 2560 illa
698 2517 748 2570 qum
772 2506 797 2556 in
817 2507 932 2559 communi

127 2585 185 2632 sunt
197 2579 286 2644 dejure
300 2580 405 2644 naturali,
416 2581 521 2644 indigent
532 2578 676 2632 institutione
687 2577 796 2643 quantdm
812 2579 839 2630 ad
852 2592 953 2632 eorum.

127 2647 360 2714 determinationem}
378 2665 428 2718 quaa
449 2649 601 2704 diversimodd
623 2649 733 2715 conpetit
751 2650 875 2702 secundbm
895 2651 932 2702 di·

124 2735 212 2780 ‚uersos
226 2727 298 2775 status
305 2740 314 2790 3
328 2723 389 2774 sicut
401 2725 429 2774 de
445 2721 497 2786 jure
515 2721 613 2773 naturali
627 2725 677 2784 est,
689 2715 748 2786 qubd
764 2721 874 2774 maleticia
889 2729 934 2785 plt-

131 2793 238 2856 nidulum
249 2795 288 2845 sed
299 2795 360 2860 qubd
371 2794 422 2845 talis
433 2807 503 2860 poena
511 2794 552 2844 lali
563 2794 637 2860 cnlpae
653 2796 788 2858 apponatur,
804 2806 845 2858 per
859 2793 932 2846 deter-

126 2863 278 2934 minationem
291 2866 352 2931 juris
365 2863 460 2932 positivi
474 2863 514 2934 lit&
