1936 3306
132 107 178 162 'elo
260 119 459 170 suessanumque,
476 117 573 166 pensu.
591 119 684 170 nunu,
698 118 755 158 aar.
771 119 809 160 av.

164 204 187 249 ³.
205 199 333 259 Proteum,
345 198 365 248 si
380 195 507 248 satisfactio
531 194 629 260 alicujus
650 209 691 260 pro
712 194 756 247 elio
770 196 945 251 satisfacientis

133 268 248 335 equaliter
255 269 376 334 prodesset
385 266 438 330 sibi,
448 270 473 317 nt
481 267 502 317 ei
513 279 553 331 pro
563 277 612 330 quo
619 265 740 328 satisfacit,
749 268 836 318 eadem
848 271 943 322 ratione

133 342 250 408 aqualiter
269 340 354 391 valebit
369 343 393 391 et
414 339 493 402 tertio,
507 339 527 388 si
540 352 581 404 pro
604 337 684 390 eodem
702 337 832 392 satisfaciat
853 343 943 406 simul,

132 415 156 463 ct
168 413 274 464 similiter
293 415 389 476 quarto,
403 413 427 462 et
441 411 473 462 sic
484 411 602 475 deinceps.
622 409 682 474 Ergo
694 423 754 460 nnus
768 424 817 461 una
832 413 945 465 satisfac·

132 485 196 535 tione
211 488 289 548 posset
307 496 349 547 pro
362 483 468 534 omnibus
486 482 625 544 satisfacere,
640 483 700 546 quod
715 486 751 534 est
767 483 914 537 absurdum.

164 556 208 606 Sed
222 558 300 606 eontra
313 558 365 616 est,
377 554 437 619 qudd
452 553 533 604 dicitur
549 552 617 604 Psoi.
631 553 726 604 XXXIV
742 568 748 603 ι
765 555 879 608 «Oratio
894 571 945 610 mea

134 627 160 677 in
176 626 229 678 siun
246 639 297 677 meo
317 629 478 683 convertetur.
492 642 506 673 a
521 638 575 690 erqo
595 625 674 676 eadem
688 624 775 678 ratione
789 630 815 678 et
829 629 944 695 suffuagia

132 711 185 763 quat
200 710 241 761 pro
252 698 302 748 aliis
315 697 382 761 liunt,
397 697 591 749 satisfacientibus
605 702 709 762 prosunt.

164 774 189 819 2.
203 771 324 832 Praeterea,
338 771 489 822 damascenus
505 769 598 820 dicitis
613 768 735 818 &amone
748 768 781 818 de
792 769 836 820 die
849 775 903 836 qua·
916 775 942 822 in

132 839 183 904 fide
205 840 426 906 dormieruntlut
445 841 553 907 supra):
573 840 797 900 «Quemadmodum
817 849 942 908 unguento

131 911 169 962 vel
185 911 229 963 alio
248 913 299 964 oleo
311 916 388 964 macte
402 913 553 964 circumlinire
568 913 648 964 uolens
662 912 785 976 infirmum,
803 914 886 978 priuad
902 916 950 966 illc*

134 981 243 1048 (scilieet
253 984 363 1050 liniens)
377 985 501 1050 participat
509 984 658 1046 unctionem,
671 988 694 1035 et
708 983 742 1034 sic
753 988 838 1049 postea
850 973 950 1050 perun-f

132 1055 165 1122 git
177 1056 316 1108 laborantem
338 1071 344 1108 :
360 1057 393 1108 sic
406 1057 541 1122 quicumque
556 1069 597 1122 pro
611 1055 709 1121 proximi
722 1055 795 1107 salute
811 1059 938 1121 agonizat,

131 1127 230 1193 primdm
244 1129 346 1195 sibiipsi
365 1131 475 1194 prodest,
490 1129 572 1180 deinde
582 1127 695 1194 proximo.
712 1128 769 1178 ont
781 1127 817 1179 sic
837 1130 939 1183 habetur

131 1201 282 1267 propositum.

165 1273 325 1338 (Comensem.
337 1303 368 1314 -
376 1275 441 1340 Οριιει
450 1273 552 1336 suffragii
562 1274 623 1338 qnod
635 1285 677 1338 pro
692 1270 787 1323 mortuis
796 1269 824 1322 dt
838 1272 937 1327 facienti

131 1347 237 1410 prodest,
257 1351 365 1412 quantum
385 1347 466 1398 attinet
484 1345 512 1396 ad
530 1345 585 1396 ritae
602 1348 693 1398 emaum
708 1342 837 1406 meritum3
853 1347 898 1396 sed
916 1347 936 1394 iu

131 1422 239 1481 quantum
252 1422 288 1470 εει
300 1418 440 1484 expletivum
449 1430 533 1482 paene,
547 1421 573 1468 nt
584 1417 624 1469 fiat
640 1415 776 1480 satisfactio,
790 1414 855 1468 nullo
868 1418 935 1469 modo

131 1487 165 1538 illi
179 1490 280 1554 prodest.
296 1494 304 1555 )

162 1562 296 1626 despondeo
316 1562 452 1624 dicendum,
467 1561 530 1627 qndd
543 1573 600 1626 opus
613 1558 716 1624 suffragii
728 1557 788 1623 qnod
801 1571 844 1622 pro
858 1560 931 1611 altero

130 1633 172 1696 ιιι,
188 1638 264 1699 potest
277 1635 416 1688 considerari
434 1635 560 1700 dupliciter.
576 1632 724 1696 Haemode,
743 1635 769 1681 ut
783 1633 819 1682 est
836 1633 933 1698 expiati-

130 1719 184 1756 uum
201 1719 275 1770 poenae
289 1721 330 1772 per
347 1708 439 1758 modum
456 1707 576 1769 cujusdam
589 1702 827 1768 recompensationis,
842 1716 896 1767 quae
910 1705 931 1753 iu

130 1775 283 1828 satisfactione
305 1777 456 1828 attenditur:
477 1781 501 1828 et
514 1778 558 1826 hoc
581 1775 648 1826 modo
669 1785 727 1837 opus
749 1771 853 1836 suffragii
873 1775 931 1838 quod

130 1851 273 1911 computatur
289 1847 353 1912 quasi
365 1849 415 1913 ejus
426 1863 467 1914 pro
485 1861 530 1912 quo
545 1848 586 1911 dt,
598 1846 630 1897 ita
646 1844 744 1896 absolvit
759 1857 811 1896 eum
828 1844 932 1896 ddehito

116 1929 203 1981 poenae
220 1919 282 1984 quod
302 1934 349 1972 nou
364 1921 462 1971 absoluit
479 1919 601 1970 facientem
615 1916 629 1968 i
642 1915 720 1968 debito
736 1929 811 1980 poene
823 1917 930 1980 proprio.

130 1989 187 2049 Quia
203 1991 227 2041 iu
243 1991 282 2042 tali
297 1990 506 2056 recompensatione
522 1990 678 2041 consideratur
698 1987 818 2051 equalitas
827 1987 932 2051 justitia3

129 2075 187 2127 opus
201 2065 276 2114 numm
285 2063 345 2115 istud
357 2061 532 2116 satisfactorium
539 2062 571 2111 ita
580 2063 658 2127 potest
674 2058 789 2122 adequari
799 2060 839 2108 uni
852 2061 932 2119 reatui,

128 2135 189 2199 quod
203 2135 267 2186 alteri
278 2147 324 2186 uon
338 2134 485 2198 adequetur:
504 2136 581 2184 reatus
596 2131 659 2184 eninr
674 2131 769 2181 duorum
786 2133 933 2193 peccatorum

129 2205 238 2270 majorem
254 2204 431 2257 satisfactionem
445 2204 576 2270 requirnnt,
597 2201 664 2267 qndm
682 2204 758 2252 reatus
780 2200 860 2252 unius.
882 2200 931 2252 allio

128 2278 196 2329 ruodo
216 2282 293 2344 potest
314 2276 468 2340 considerari,
488 2277 641 2340 inquantum
663 2277 699 2324 est
716 2271 865 2324 meritorium
885 2272 933 2321 vita

128 2352 218 2402 morum
231 2365 237 2399 :
252 2350 312 2414 quod
325 2349 394 2401 hahet
404 2348 429 2397 in
437 2353 547 2412 quantum
556 2345 658 2411 procedit
668 2358 696 2395 ex
716 2343 793 2394 radice
805 2342 929 2402 charitatis

129 2421 152 2470 ct
168 2421 290 2474 secuudum
298 2423 343 2474 hoc
356 2433 403 2472 non
415 2419 487 2471 solium
496 2419 590 2483 prodest
602 2417 625 2467 ei
633 2429 673 2481 pro
684 2427 730 2480 qno
740 2414 773 2478 dt,
784 2413 825 2466 sed
836 2413 931 2464 facienti
948 2429 949 2490 q

129 2504 210 2552 magus.
948 2493 949 2544 l

160 2563 189 2631 lit
202 2577 242 2627 per
254 2566 299 2616 hoc
311 2569 374 2630 patet
387 2563 469 2616 solutio
490 2563 519 2613 ad
533 2562 623 2626 objecta
635 2576 642 2611 r
656 2559 742 2627 primm
757 2558 819 2610 enim
834 2557 928 2608 rationes

128 2635 278 2696 procedebant
291 2637 319 2687 de
337 2631 753 2702 operesnllragii‚sccundi1mquod
769 2633 807 2681 est
825 2627 924 2682 satisfac·
948 2659 949 2702 1

129 2703 228 2770 turiuru3
245 2709 284 2758 sed
301 2708 366 2772 alie,
381 2705 505 2760 secuudum
519 2705 579 2770 quod
593 2707 629 2756 est
645 2702 794 2758 meritorium.
948 2713 949 2716 ’
