2026 3304
209 181 258 228 ,nn
273 177 441 224 ursmaro
455 179 699 220 conmemorans.
817 171 864 220 dtlt

48 258 188 310 animalium
206 256 288 308 indidit
303 255 480 307 sollicitudinem
495 255 592 306 filiorum
604 261 643 306 aut
656 256 804 307 reuerentiam
819 270 862 320 pa·

48 335 145 384 rentum
166 329 193 378 in
211 341 279 378 omne
299 331 405 390 tempus,
424 326 468 378 nisi
485 325 586 389 homini;
602 326 654 376 aliis
673 329 751 376 autom
769 326 862 378 anima-

49 404 110 454 lihus
121 401 208 465 pluset
217 397 302 462 minis,
316 397 440 448 secundum
452 397 512 461 quod
522 397 594 461 magis
602 399 640 448 vel
650 397 727 448 minius
737 399 863 450 necessarii

49 478 106 527 sunt
117 471 158 522 uel
168 470 211 520 lilii
221 469 363 534 parentibus,
374 469 411 520 vel
422 473 529 537 parentes
541 469 602 521 liliis.
617 470 681 520 Unde
691 469 759 520 etiam
774 469 798 520 in
810 469 863 534 qui-

48 544 151 594 busdam
165 541 305 591 animalibus
320 541 426 592 abhorret
438 539 499 590 filius
512 552 647 603 cognoscere
667 544 763 590 matrem
782 553 862 590 carna·

48 616 119 676 liter,
135 611 247 676 quamdiu
261 614 338 661 manet
352 611 412 675 apud
426 611 502 674 ipsum
515 609 614 670 cognitio
626 610 705 660 matris
718 616 742 661 et
755 623 862 662 reveren·

49 686 87 737 tia
100 683 209 748 qondam
224 682 251 732 ad
264 682 351 746 ipsam,
361 685 387 732 ut
401 681 482 735 recitat
497 681 651 746 Philosophus
665 681 689 732 iu
702 683 741 734 ill.
757 683 795 732 De
804 684 861 732 ani-

50 755 168 806 malibus
178 753 215 816 (l)
231 754 259 803 de
269 753 355 804 carnelo
367 757 390 804 et
399 765 467 816 equo,
482 753 511 802 ldt
525 752 579 818 quin
590 765 671 805 omues
679 747 772 806 honesti
786 765 862 807 mores

49 827 190 880 animalium
203 826 227 874 in
244 825 376 878 hominihus
388 824 517 888 eongresoti
528 827 582 874 sunt
594 824 726 876 nmuralitor
735 829 759 876 et
771 825 862 888 perien-

50 898 97 950 rihs
120 895 192 960 qnhm
215 897 240 946 in
255 895 321 957 aliis,
335 899 426 960 propter
447 896 492 946 hoe
514 896 583 947 homo
604 895 736 949 animaliter
756 895 861 948 ahhorrst

48 979 193 1032 cognoscere
211 965 339 1027 carnohter,
356 979 403 1016 non
416 965 491 1019 solim
510 971 619 1028 matrem,
634 967 673 1020 sed
690 965 761 1018 etiam
774 965 862 1030 liliam;

47 1041 115 1103 qnod
133 1042 171 1087 est
193 1038 268 1092 adhuc
289 1037 364 1088 minius
384 1041 464 1088 eontra
484 1040 601 1098 naturam,
617 1042 643 1088 ut
659 1037 743 1088 dictum
764 1042 800 1090 est
812 1037 862 1099 (in

50 1111 144 1173 carpi.
165 1109 194 1157 Et
211 1108 295 1158 iterum
312 1108 337 1160 in
353 1108 405 1158 aliis
417 1107 553 1159 animalibus
566 1121 596 1158 er
608 1107 771 1172 propagatione
783 1109 862 1160 oannis

46 1194 102 1232 non
117 1179 260 1232 contrahitur
274 1179 470 1244 consanguinitas,
479 1179 539 1235 siout
549 1177 726 1242 inhominius,
737 1183 763 1230 ut
776 1179 862 1230 dictum

50 1257 88 1308 est
99 1255 162 1314 (art.
173 1256 202 1314 t,
217 1251 246 1302 ael
263 1251 298 1316 o).
313 1253 341 1304 Et
350 1252 402 1304 ideo
418 1265 465 1304 non
475 1256 510 1308 est
520 1252 600 1302 similis
611 1253 677 1304 ratio.
762 1297 765 1304 .

81 1326 228 1388 dopmnum
235 1323 431 1387 dimndumqnod
437 1328 486 1386 lam
493 1327 557 1388 patet
566 1337 595 1376 err
605 1323 672 1375 dietis
680 1324 795 1387 monsedo
804 1335 861 1375 eon·

50 1395 201 1460 sanguinitas
214 1395 341 1458 coniugum
351 1397 411 1447 hono
419 1395 558 1448 matrimonii
564 1394 726 1458 mnirariotum
732 1395 793 1446 unde
805 1394 862 1446 ratio

51 1468 160 1532 procedit
174 1481 205 1520 ex
225 1466 298 1518 ialsis.

82 1540 118 1590 hd
128 1539 237 1602 quintum
248 1537 385 1597 dicendum,
400 1537 461 1602 qudo
475 1548 523 1590 non
536 1541 574 1588 est
583 1536 751 1590 inmorantem
766 1537 860 1590 duanam

50 1610 167 1664 monum
177 1621 247 1658 uuam
259 1609 288 1660 ab
302 1609 371 1660 altera
382 1610 487 1674 impediri
497 1645 504 1672 ,
514 1608 573 1661 siant
583 1609 621 1668 uhi
633 1614 668 1660 est
682 1607 802 1670 identitas,
815 1622 862 1658 non

44 1687 89 1734 ast
101 1680 242 1734 similitudo.
265 1681 295 1734 lot
312 1681 416 1732 similiter
432 1679 638 1744 consanguinitatis
654 1680 771 1731 vinculum
784 1683 861 1742 potest

49 1751 166 1817 impedire
178 1751 317 1804 matrimonii
330 1751 525 1815 conjunctionem.

78 1905 120 1972 β)
137 1908 244 1953 nasetur
256 1905 324 1962 pinne
338 1906 381 1950 lih.
395 1908 441 1964 lx,
455 1906 495 1962 qui
509 1917 572 1950 nnnc
586 1905 622 1950 Do
641 1905 746 1950 historio
758 1905 857 1950 cmmo-

48 1972 117 2018 ls'rtnc
137 1969 280 2026 inscrihiinr,
294 1981 346 2025 can.
358 1967 404 2026 li,
418 1969 459 2016 ubi
470 1975 575 2017 narratur
590 1967 652 2032 qnhd
672 1967 790 2026 commus,
805 1966 859 2012 chun

49 2037 147 2091 junctus
159 2038 222 2077 esset
235 2031 303 2076 matri
313 2037 336 2076 et
348 2043 400 2076 eam
411 2043 586 2088 supergressus,
597 2044 667 2088 quom
682 2030 750 2074 initio
765 2035 860 2086 propter

51 2097 225 2154 operimentum
239 2093 261 2138 ei
276 2093 439 2150 superductum
452 2105 500 2138 non
509 2100 643 2152 agnoverat,
652 2093 693 2138 sod
705 2093 730 2136 in
741 2092 792 2148 ipso
806 2092 855 2136 eoi·

50 2159 89 2204 tris
100 2165 156 2204 actu
170 2169 198 2202 nc
208 2168 331 2213 progressu
342 2156 456 2200 detectam
468 2156 537 2213 coepit
551 2169 686 2214 agnoscere,
703 2155 789 2198 coitum
800 2155 855 2210 'qui-

50 2222 103 2267 dem
117 2221 168 2278 Jarn
182 2219 308 2276 inemptum
321 2217 430 2276 perfecit,
442 2219 472 2262 oh
485 2219 597 2264 servorem
607 2229 676 2276 quem
689 2217 795 2262 cohihere
807 2226 854 2258 non

50 2290 159 2340 poterat,
176 2281 216 2326 sed
235 2281 313 2326 statim
332 2286 399 2338 post,
418 2281 566 2325 camelarium
581 2279 594 2324 ai
611 2293 658 2337 qun
678 2280 788 2334 deeeptus
807 2281 857 2322 erat

48 2346 184 2396 interiecit3
200 2349 226 2388 ut
237 2349 262 2388 et
275 2341 336 2398 orrod
349 2353 422 2400 equus
436 2343 475 2398 qni
490 2343 651 2400 persimilem·
663 2342 767 2388 hundam
782 2351 855 2396 oopn·

48 2409 111 2455 latus
137 2407 215 2454 inerat
233 2405 301 2455 matri
320 2417 334 2450 a
351 2417 377 2450 se
397 2411 491 2462 propter
507 2406 677 2463 operimentum
693 2415 741 2448 non
760 2401 857 2460 agnitae,

47 2473 154 2532 seipsum
169 2476 223 2528 post
238 2469 298 2520 hano
313 2467 418 2520 niumm
432 2469 547 2518 detectam
562 2467 711 2526 praecipitans
720 2465 815 2517 conith.

9 2987 12 3090 l

9 3157 11 3210 t
