1980 3320
131 199 160 248 et
279 203 477 254 susurramine,
496 201 589 248 evasa.
606 203 676 254 xum,
690 201 745 240 eur.
760 203 778 238 r.

161 283 296 350 Respondeo
310 280 444 339 dicandum,
456 277 517 343 quod
535 277 613 330 nudus
630 277 723 342 sapiens
736 277 802 330 dehet
813 278 952 342 jacturam

133 356 232 422 aliquam
246 353 375 412 sustinere,
393 349 438 400 nisi
453 361 495 414 pro
517 348 592 416 aliqua
606 347 818 414 recompensatione
832 349 955 414 alicujus

132 427 226 493 aequalis
239 424 277 476 vel
289 421 389 474 melioris
399 421 462 472 honi.
477 419 542 472 Unde
552 420 633 472 electio
646 419 744 482 alicujus
756 419 817 485 quod
830 419 952 484 aliquam

131 503 242 566 jacturam
259 495 328 546 hahet
345 505 469 555 annexam,
486 491 572 556 indiget
588 490 686 554 alicujus
703 491 758 542 honi
769 489 954 555 adjunctione,

132 583 173 636 per
188 568 254 630 cujus
271 565 504 628 recompensationem
516 563 632 614 ordinetur
646 567 669 613 et
680 564 823 614 honestetur.
838 563 865 614 ln
880 577 954 614 con-

133 639 250 708 punctione
272 641 347 689 autem
371 635 415 686 viri
436 639 460 689 et
479 634 581 686 mulieris
603 632 699 686 rationis
716 635 806 698 jactura
828 633 950 685 accidit:

135 720 183 765 tum
198 710 264 774 quia,
279 711 372 774 propter
384 707 553 758 vehementiam
566 705 723 758 delectationis
734 705 890 769 ,absorbetur
906 720 951 756 ra-

137 786 183 845 tio,
197 785 223 832 ut
232 794 279 831 non
291 779 362 844 possit
375 779 457 842 aliquid
473 777 601 842 intelligere
614 776 639 827 in
652 776 719 842 ipsa,
735 781 762 827 ut
782 777 954 841 Philosophus

137 855 193 908 dicit
205 853 270 918 (Vll.
285 851 382 909 Ethio,
400 863 451 916 cap.
467 853 496 900 lt
511 849 534 914 );
547 853 596 900 tum
610 849 679 900 etiam
697 853 788 914 propter
802 847 953 901 tribulatio-

138 940 191 978 nem
202 923 289 987 caruis,
298 937 365 987 quam
375 926 465 988 oportet
474 921 530 973 tales
544 920 658 972 sustinere
671 934 700 972 ex
712 919 863 972 sollicitudine
881 923 955 970 tem-

139 997 265 1064 poralium,
281 998 307 1046 ut
320 997 383 1058 petet
401 995 420 1045 1.
436 993 505 1048 Cora,
520 993 570 1042 Vll.
587 993 617 1042 Et
629 991 681 1042 ideo
693 991 746 1042 talis
767 991 955 1056 conjunctionis

139 1067 221 1122 electio
235 1080 281 1118 non
294 1069 371 1131 potest
387 1079 439 1118 esse
453 1064 570 1128 ordinata,
581 1062 626 1115 uisi
642 1076 683 1128 per
701 1061 952 1126 reconpensationem

139 1142 266 1205 aliquorum
281 1152 311 1190 eu
322 1139 404 1204 quihus
416 1137 476 1190 dicta
488 1135 619 1201 coniunctio
631 1137 774 1186 honestetur.
784 1137 815 1185 Et
824 1135 876 1184 hec
888 1139 954 1186 sunt

140 1214 199 1264 hona
213 1225 263 1276 que
283 1209 451 1262 matrimonium
466 1211 575 1260 excusant
590 1211 614 1258 et
626 1207 748 1260 honestum
761 1206 865 1258 reddunt.

172 1285 206 1334 dd
225 1282 322 1347 primum
336 1294 389 1345 ergo
403 1281 539 1342 dicendum,
552 1278 614 1342 quod
628 1277 652 1328 iu
666 1281 720 1328 actu
732 1275 880 1328 comestionis
897 1291 952 1329 non

142 1360 177 1421 eat
193 1359 240 1406 tam
258 1355 382 1406 vehemens
401 1351 520 1402 delectatio
540 1350 652 1402 rationem
673 1349 809 1412 absorbens,
825 1349 890 1400 sicut
912 1355 954 1402 est

141 1428 165 1479 in
179 1425 285 1492 predicta
298 1423 388 1475 actione
403 1437 409 1472 :
425 1425 474 1471 lum
488 1420 542 1484 quia
557 1421 592 1471 vis
605 1421 749 1484 generativa,
762 1433 803 1484 per
814 1433 887 1484 quam
901 1422 952 1472 ori-

143 1497 219 1562 ginale
240 1495 377 1555 traducitur,
395 1495 431 1544 est
443 1491 530 1542 intecta
549 1495 572 1542 et
587 1495 706 1556 corrupta,
720 1491 830 1542 nutritiva
844 1495 951 1552 autem,

142 1581 183 1634 per
193 1579 262 1632 quarn
270 1577 317 1616 non
330 1563 463 1626 traducitur,
478 1575 525 1612 non
538 1565 573 1614 est
584 1566 699 1630 corrupta,
709 1575 784 1628 neque
795 1561 883 1632 indepta
897 1565 952 1628 (l);

145 1641 194 1688 tum
214 1635 282 1688 etiam
299 1633 352 1700 quia
366 1633 480 1685 delectum
494 1632 606 1683 individui
627 1631 721 1696 quilibet
739 1631 811 1696 magis
830 1633 905 1684 sentit
924 1634 952 1684 in

145 1709 234 1776 seipso,
249 1707 316 1774 quem
329 1707 442 1758 deiectum
454 1703 549 1770 speciei.
565 1706 644 1767 Unde,
659 1705 688 1756 ad
701 1705 847 1755 excitandum
865 1706 897 1756 ad
910 1720 952 1758 co-

145 1781 292 1843 meseonem,
308 1777 434 1830 secundhm
450 1790 517 1840 quam
539 1777 639 1828 delectui
662 1776 775 1828 individui
795 1777 949 1840 subvenitur,

122 1861 126 1868 '
145 1851 229 1904 sufficit
245 1863 326 1900 sensus
336 1849 409 1913 ipsius
424 1849 534 1900 delectis.
549 1848 605 1912 Sed,
619 1847 650 1900 ad
664 1849 809 1900 excitandum
823 1848 948 1900 adactum

146 1936 191 1988 quo
209 1921 307 1972 delectui
322 1920 407 1985 speciei
424 1919 570 1984 subvenitur,
584 1919 661 1972 divina
680 1921 824 1986 providentia
847 1920 952 1972 delecta-

147 1995 233 2046 tionem
245 1991 350 2056 apposuit
359 1991 385 2042 in
398 1991 436 2042 illo
446 1995 508 2056 aetu3
520 2005 570 2058 quae
581 1991 648 2044 etiam
659 1992 765 2042 animalia
776 1993 842 2043 hruta
856 1997 948 2051 movet,

147 2068 171 2117 in
182 2064 265 2130 quihus
282 2067 376 2114 nonest
391 2062 483 2114 iniectio
495 2063 611 2128 originalis
627 2063 725 2132 peccati.
736 2064 765 2114 Et
779 2064 830 2115 ideo
845 2075 893 2114 non
913 2068 950 2116 est

148 2137 229 2190 simile.

179 2210 213 2260 hd
229 2206 354 2258 secuudum
373 2205 500 2270 dicendum,
510 2205 570 2270 qudd
583 2205 628 2258 ista
638 2207 756 2271 bonaque
773 2205 948 2257 matrimonium

147 2282 283 2342 honestant,
298 2279 351 2330 suut
366 2278 395 2328 dc
408 2277 495 2329 ratione
508 2277 656 2330 matrimonii.
675 2279 704 2330 Et
723 2278 774 2330 ideo
795 2291 841 2330 rien
859 2277 950 2342 indiget

149 2353 182 2404 eis
195 2349 259 2416 quasi
273 2348 419 2401 anterioribus
431 2347 565 2412 quibusdam
585 2351 614 2402 ad
626 2351 810 2413 honestandum‚
824 2349 864 2400 sed
880 2349 948 2412 quasi

149 2421 296 2474 causantibus
316 2420 407 2486 inipso
427 2421 637 2488 honestatemque
657 2419 679 2473 ei
694 2421 820 2474 secundina
839 2433 864 2472 se
880 2433 945 2472 com·

147 2494 215 2562 petit.

181 2566 215 2618 dd
231 2564 321 2616 tertium
330 2565 461 2630 dicendum,
473 2565 534 2631 quod
544 2564 714 2618 matrimonium
729 2579 759 2618 ex
767 2565 811 2618 hoc
823 2565 873 2630 ipso
885 2563 947 2629 quod

184 2738 217 2804 (l)
237 2738 360 2798 Corrupto
373 2741 486 2798 quantum
500 2741 529 2785 ad
543 2752 579 2796 se,
593 2739 685 2799 insama
701 2739 812 2796 qunntdm
828 2739 856 2786 ad
870 2739 943 2794 alios;

151 2817 205 2850 nam
230 2804 348 2860 corruptio
371 2805 464 2860 quidem
488 2803 533 2850 soli
553 2807 663 2859 corrupto
687 2810 772 2864 nocet,
789 2803 830 2848 sed
852 2801 945 2848 iniectio

151 2867 236 2912 transit
254 2877 281 2910 ac
293 2866 422 2912 retunditur
442 2867 466 2912 in
485 2865 540 2912 mia.
562 2864 625 2910 Unde
639 2865 759 2926 infectum
775 2877 826 2912 esse
842 2865 891 2922 plus
911 2871 945 2912 est

150 2927 221 2986 qudm
237 2932 389 2988 corruptum.
