2024 3328
162 243 193 278 un
210 240 376 280 unumunurn
390 241 553 280 cosnnnrorus
570 241 724 280 snrnmuoms.
799 235 844 282 lm

46 315 177 380 iltionpsio
189 315 271 366 mour
282 316 334 381 (llo.
348 317 385 368 De
402 315 526 368 hierarch.
538 316 623 367 ocules.
630 331 703 382 ,cap
715 319 763 383 7);
780 324 804 371 ct
817 323 846 371 ad

13 387 93 470 ojus
110 387 215 438 otiolum
224 391 311 450 aportat
322 400 416 450 puerum
426 388 547 438 instrucre
558 387 603 438 Scri
616 388 734 440 instructio
749 403 796 441 nou
812 400 847 442 cst

13 513 14 526 p
13 435 163 508 sufficiens
176 470 251 508 causa
259 458 382 521 spiritualis
394 457 545 522 cognationis,
554 463 580 509 ot
593 459 725 510 dictumest
739 460 792 524 (art.
808 461 844 526 ἓ)

44 529 174 592 Ergonulla
184 529 289 592 ooguatio
299 528 439 580 contrahitur
450 529 509 580 inter
519 543 571 580 cum
582 533 606 581 ct
616 530 680 580 illom
690 532 730 595 qui
743 535 771 584 do
781 545 846 584 sacro

44 601 107 650 tonte
120 601 221 651 levatur.

73 677 96 720 3.
112 673 245 733 Praeterea,
258 674 335 734 potest
355 671 488 752 contingere
502 672 564 735 quon
583 673 627 736 aliq
630 673 665 723 uis
677 673 736 724 lcrct
749 635 848 740 aliquem

43 743 70 792 dc
82 755 151 793 sauro
164 743 228 794 toute
248 742 389 801 antequam
384 756 431 806 ipse
446 744 476 792 sit
489 687 627 807 baptizalusq
644 745 689 794 Scri
702 758 731 794 cx
743 747 788 796 hoc
800 757 846 796 non

13 809 14 872 l
44 812 187 863 contrahitur
208 811 283 876 aliqua
298 812 421 876 spiritualis
438 814 557 878 coguatio,
573 815 626 877 quia
639 814 677 864 illo
698 815 737 878 qui
752 828 798 865 non
811 821 846 867 cst

44 885 189 949 baptizatus,
204 896 253 935 non
269 887 305 934 cst
324 893 397 948 capax
417 885 515 948 alicujus
534 885 710 948 spiritualitatis.
725 887 783 950 Ergo
801 888 846 937 ali-

43 969 110 1018 quem
124 955 204 1006 leuare
217 955 246 1005 (le
256 967 319 1006 sacro
329 954 404 1018 sonte,
416 968 464 1006 non
473 955 557 1008 sulnclt
568 956 596 1006 ad
610 955 749 1019 spiritualem
761 970 846 1022 cogna-

44 1027 129 1076 lionrm
144 1025 331 1075 contrahendam.

72 1099 119 1148 Sed
138 1099 217 1148 contra
228 1100 263 1147 cst
272 1095 374 1146 delinitio
387 1095 511 1160 spiritualis
518 1097 660 1162 cognationis
673 1097 846 1161 suprimimus

44 1171 99 1234 (art.
113 1167 153 1232 1),
169 1173 194 1218 ot
206 1167 351 1222 auctoritates
362 1181 412 1230 quae
425 1172 539 1231 ponuntur
551 1168 577 1219 in
590 1169 675 1220 littora.

72 1239 337 1306 (Cosmus10.-Cirm
346 1239 425 1290 levans
435 1241 533 1304 aliquem
545 1241 572 1291 lo
583 1253 647 1292 sacro
656 1242 729 1304 toute,
739 1241 849 1295 licclasio

44 1312 122 1362 nstris
140 1323 262 1376 porsonam
276 1313 347 1374 gerat,
358 1310 483 1374 spiritualis
493 1312 598 1374 cognatio
611 1312 670 1361 intur
683 1311 849 1376 suscipientem

45 1383 153 1447 baptismi
168 1385 342 1443 sacramentum,
353 1384 376 1431 ot
389 1381 464 1445 ipsum
473 1381 588 1432 levantem
602 1382 631 1432 do
640 1381 783 1445 sacrosanta,
793 1395 847 1434 com

13 1511 14 1520 p
46 1455 166 1517 traicitur.)

72 1527 215 1590 Respondeo
223 1524 356 1584 diurnium,
368 1523 438 1586 quon,
449 1523 540 1580 sicutiu
548 1525 697 1588 generations
707 1525 792 1575 carnali
804 1526 847 1575 ali-

45 1599 91 1660 quis
105 1597 213 1647 nascitur
226 1609 255 1646 cx
273 1599 342 1646 matre
358 1599 380 1646 et
397 1599 474 1659 patro,
491 1596 523 1645 ita
534 1597 560 1646 in
575 1596 719 1658 generatione
735 1597 848 1660 spirituali

46 1669 126 1732 aliquis
141 1667 272 1718 renascitur
291 1666 352 1716 tillus
369 1667 423 1729 nel,
439 1667 498 1716 sicut
517 1667 603 1728 patris,
617 1671 645 1716 ut
657 1665 777 1730 licolcsiae,
791 1668 850 1717 sicut

47 1739 132 1790 matris.
147 1739 215 1789 Sicut
223 1740 302 1788 autom
316 1737 355 1788 illc
364 1737 403 1800 qui
414 1739 579 1787 oruamentum
589 1737 688 1800 confort,
696 1739 754 1800 gerit
766 1751 847 1801 parso-

46 1824 95 1860 nnm
118 1813 163 1862 lici
172 1809 258 1874 ,cujus
277 1809 453 1860 instrumentum
476 1811 499 1858 et
517 1807 687 1870 ministerum,
707 1808 789 1860 itaille
807 1809 846 1872 qui

47 1882 184 1946 baptizatum
198 1880 292 1944 suscipit
310 1881 336 1931 ie
351 1893 415 1930 sacro
438 1880 517 1942 fonto,
527 1882 566 1928 aut
581 1879 759 1930 confirmandum
773 1884 845 1944 tonet,

46 1954 100 2016 gerit
109 1967 234 2017 porsonam
247 1951 365 2002 Ecclesia
378 1951 441 2002 linia
455 1950 483 2000 ad
496 1953 618 2014 utrumque
629 1950 754 2014 spiritualis
765 1963 848 2016 rogus
866 1968 871 1973 ·

13 2079 14 2086 ἵ
46 2025 77 2074 tro
86 2024 252 2074 contrahitur

13 2089 15 2114 '
74 2097 108 2146 ad
118 2097 228 2160 primum
231 2109 284 2160 crgo
293 2095 424 2157 dicacium,
435 2093 495 2157 qnod
505 2108 551 2144 uon
563 2093 651 2146 tantiam
661 2097 734 2156 palor,
738 2107 777 2144 ιιι·
780 2093 849 2156 ouius

48 2168 132 2218 neruine
147 2171 268 2232 generatur
284 2167 373 2230 proles,
388 2166 457 2214 haist
474 2165 633 2228 cognationem
647 2164 760 2214 carnalem
771 2165 797 2213 orl
808 2175 848 2212 na·

49 2243 109 2301 timp
128 2240 170 2290 sod
192 2239 259 2288 uolam
278 2241 362 2299 marton,
381 2249 432 2300 qum
450 2237 567 2286 materiam
586 2235 759 2294 subministrat,
780 2238 803 2282 ot
824 2233 848 2282 in

50 2315 109 2372 cuins
121 2315 190 2362 utcro
204 2313 331 2373 generatur.
347 2308 417 2358 lltita
434 2307 501 2358 ctiam
513 2309 658 2368 unruochus,
673 2306 712 2370 qui
724 2303 849 2369 baptisan-

13 2413 14 2416 =
51 2380 98 2430 lum
111 2382 164 2436 vica
175 2381 250 2430 totius
267 2381 375 2433 Ecclesia
389 2379 455 2430 otiari
471 2382 493 2429 et
510 2378 619 2443 suscipit,
633 2382 656 2428 ct
667 2377 849 2428 *confirmandum

51 2457 122 2516 toust,
140 2445 288 2517 spiritualem,
300 2451 461 2514 cognationem
473 2451 594 2500 contraiit.
678 2483 680 2490 ν

78 2525 110 2576 nd
120 2524 249 2574 secundum
262 2520 397 2586 dicandum,
412 2521 473 2586 quod
484 2535 529 2572 non
542 2522 629 2572 ruiana
640 2519 797 2572 instructionis
810 2521 850 2572 io-

51 2594 109 2658 nas,
120 2595 163 2647 sod
179 2595 270 2645 rationu
279 2593 432 2657 perorationis
445 2592 568 2658 spiritualis
576 2595 609 2644 an
623 2593 692 2657 quam
704 2595 849 2656 conparatur,

51 2667 207 2731 cognationem
222 2664 364 2730 spiritualem
374 2665 494 2722 commonit.
574 2687 585 2694 ι-

52 2822 149 2879 suscepit
163 2825 232 2878 pater
245 2819 391 2878 generando,
407 2819 555 2876 spiritualiter
566 2820 611 2864 sibi
625 2818 696 2864 lilium
711 2818 816 2874 patrinus
827 2817 851 2859 in

53 2884 166 2940 baptismo
178 2880 279 2928 amunia
287 2897 294 2934 ι
302 2882 339 2926 vol
350 2882 391 2926 uin
391 2883 457 2946 ario,
472 2882 561 2928 scilicet
572 2887 679 2934 turtum,
688 2881 744 2938 quin
759 2879 771 2926 t
784 2879 847 2924 fonto

52 2957 182 3016 baptismali
200 2963 292 3000 sursum
305 2954 382 3014 lavat
400 2959 424 3000 at
438 2948 553 3022 δέχομαι,
566 2953 684 3010 surripio.
