1966 3304
44 144 91 193 iao
194 151 396 201 surmsnsnruu,
413 151 506 196 ounsr.
523 151 578 202 uxr,
594 150 649 190 rur.
665 150 684 188 r.

38 233 66 284 ad
84 231 185 295 arodus,
202 229 288 282 roiliret
309 227 478 282 matrimonium
498 226 615 292 religionis
635 226 747 294 transire,
761 227 834 280 etiam

36 302 113 355 invita
127 315 206 355 uxore.

71 375 116 426 Sed
129 376 208 426 contra
220 375 256 425 est
264 410 272 436 ,
281 373 340 436 quod
354 372 435 426 dieitur
448 373 467 425 l.
484 373 554 434 cor„
564 373 613 434 Vll,
628 376 654 424 ut
666 385 710 424 neo
721 373 790 424 etiarn
804 377 834 427 ad

38 451 128 510 tempus
140 449 223 496 uacent
234 443 332 496 orationi
342 443 465 512 conjuges,
479 444 530 496 siue
545 447 624 496 mutuo
639 457 752 498 consensu
763 445 837 498 dma-

43 517 149 569 trimonio
162 515 310 568 abstinentes.
392 540 395 551 ·

69 592 197 652 Praeterea,
210 588 285 640 nullus
305 591 382 654 potest
401 588 477 641 iacere
496 589 559 642 lieita
576 589 637 653 quod
653 593 689 641 est
709 590 734 641 in
746 591 834 655 praeju-

36 661 120 713 dicinm
139 659 247 723 alteim,
262 660 313 712 sine
332 660 384 724 ejus
406 660 534 712 uoluntate.
556 659 601 712 Sed
618 665 697 712 votnm
717 661 837 725 religionis

38 735 147 785 emissum
161 733 189 784 ab
202 746 248 784 uuo
262 735 385 798 coniugum
398 738 435 786 εει
445 733 471 784 in
484 733 640 799 prejudicium
653 733 763 794 alterius,
781 734 838 798 quia

37 819 97 856 unus
110 806 179 856 babet
191 807 329 876 potestatem
340 805 440 870 eorporis
458 804 566 856 alterius.
578 804 636 868 Ergo
648 817 708 856 unus
720 804 770 856 sine
783 817 841 858 oon.

38 891 108 930 sensn
124 877 217 930 alterius
228 890 273 929 non
283 883 361 943 potest
375 880 457 929 uotum
470 875 589 942 religionis
600 875 714 928 emittere.

68 950 225 1015 (Condruso-
239 977 271 988 ··
282 949 340 1001 Cium
353 947 405 1011 quis
419 962 467 1000 non
478 949 555 1014 possit
569 948 616 1001 lleo
627 947 762 1000 oblationem
777 963 839 1014 prae·

35 1025 98 1092 stare
117 1033 146 1072 ex
159 1033 184 1072 re
197 1021 286 1085 aliena,
301 1034 347 1074 non
359 1025 437 1086 potest
451 1020 604 1085 uirseipsum
617 1021 664 1075 beo
684 1019 766 1072 oberro
784 1021 838 1074 sine

36 1106 152 1145 consensu
172 1092 269 1156 uxoris.)
375 1155 377 1160 ,

66 1165 204 1230 despondeo
215 1165 350 1228 dicendum,
361 1165 422 1230 quod
433 1165 509 1216 nulus
519 1168 596 1230 potest
607 1164 683 1216 iaoere
696 1163 836 1216 oblationem

35 1239 82 1289 Deo
94 1238 123 1289 de
141 1236 227 1288 alieno.
238 1237 317 1300 Unde,
328 1235 381 1288 sirm
399 1249 441 1302 pen
453 1236 624 1288 matrimonium
638 1239 840 1298 consummatum,

34 1308 82 1371 jaro
99 1307 129 1358 sit
150 1321 231 1372 eorpus
242 1307 287 1358 viri
298 1309 383 1358 iactum
393 1307 486 1368 uxoris,
505 1320 553 1360 non
565 1310 644 1372 potest
655 1307 708 1358 sino
719 1320 838 1359 consensu

35 1381 86 1445 ejus
108 1381 155 1431 lieo
173 1379 248 1444 ipsum
266 1379 361 1444 offerre,
376 1394 416 1445 uer
431 1379 576 1432 eontinentire
588 1383 679 1432 uotum.
752 1376 754 1382 '

65 1452 99 1502 bd
115 1452 215 1515 primum
234 1464 287 1516 ergo
309 1452 444 1514 dicendum,
460 1450 521 1515 qubd
543 1451 580 1502 lex
593 1451 694 1504 bumana
707 1449 837 1502 considerat

34 1522 203 1573 matrimonium
217 1522 290 1574 solbm
303 1523 452 1588 inquantum
469 1529 505 1574 εει
518 1522 543 1574 in
560 1521 659 1574 oilieium
676 1526 779 1585 naturae3
794 1523 839 1574 sed

32 1593 69 1642 lex
84 1593 178 1657 diuina,
193 1594 318 1646 seeundbm
334 1595 396 1659 qubd
410 1597 445 1646 est
461 1598 641 1657 sacramentnm,
658 1608 687 1646 ex
701 1607 746 1658 quo
764 1594 838 1646 babet

34 1665 186 1717 omnimodam
199 1667 413 1720 indivisibilitatem.
428 1669 457 1718 Et
470 1667 520 1719 ideo
542 1681 588 1718 non
603 1671 638 1718 εει
649 1667 731 1720 simile.

65 1739 99 1789 bd
112 1741 237 1791 seeundum
250 1741 387 1804 dicendum,
402 1741 464 1805 qubd
478 1755 525 1794 non
537 1745 575 1794 est
583 1739 746 1793 inconveniens
757 1741 835 1805 majus

35 1810 121 1860 bonnm
142 1811 249 1874 impediri
262 1825 302 1876 per
316 1813 393 1864 minus
406 1813 505 1876 bonnm,
520 1814 580 1878 qnod
598 1814 667 1865 babet
685 1813 838 1864 contrarieta-

35 1883 82 1931 tem
95 1881 123 1932 ad
136 1879 221 1944 ipsum,
237 1884 297 1933 sieut
309 1885 377 1935 etiam
387 1885 472 1936 bonum
485 1899 527 1950 per
541 1886 625 1936 malum
642 1885 771 1950 impeditur.

67 1955 102 2004 bd
114 1953 206 2004 tertium
223 1955 358 2020 dicendum,
368 1957 429 2021 qubd
443 1958 469 2008 in
481 1957 584 2023 qualibet
598 1957 707 2022 religione
715 1959 840 2010 contrabi-

35 2029 72 2076 tur
84 2025 254 2077 matrimonium
275 2028 304 2078 ad
317 2041 386 2078 uuam
400 2042 521 2093 personam
532 2069 539 2092 ,
551 2031 639 2080 scilieet
656 2029 782 2093 Christum
798 2032 840 2086 elli

34 2101 112 2148 tamen
126 2097 155 2147 ad
169 2097 234 2162 plura
245 2097 358 2164 obligatur
378 2101 461 2164 abquis
482 2103 506 2152 in
526 2101 713 2166 imoressione,
729 2101 796 2164 qoam
809 2101 838 2153 in

35 2168 86 2219 alia.
102 2169 146 2220 Sed
157 2169 328 2220 matrimonium
338 2173 428 2224 ennato
440 2177 464 2224 ει
473 2172 591 2238 roligionis
601 2185 647 2226 non
658 2173 716 2226 irunt
726 2173 755 2226 ad
765 2185 839 2224 unam

33 2253 163 2305 personam.
178 2242 208 2292 Et
222 2240 275 2294 ideo
288 2255 335 2295 non
348 2248 385 2296 est
397 2244 480 2296 surde.
524 2287 529 2300 t

310 2417 315 2432 '
336 2425 494 2478 turturibus
509 2427 538 2478 ll.

37 2550 123 2596 [lirim
138 2553 345 2612 alimoniorum
361 2555 442 2612 possit,
457 2557 534 2601 altero
548 2558 634 2614 invito,
643 2561 701 2605 uate
715 2559 841 2606 carnalem

243 2618 354 2676 copulam
369 2617 511 2676 rettytonem
520 2619 623 2667 intrare.

63 2743 98 2794 bd
113 2745 237 2797 seeundum
253 2717 440 2814 sto'prooeditur.
458 2749 553 2802 Videtur
565 2751 679 2816 qubdnee
691 2753 761 2806 otiam
780 2758 839 2810 ante

32 2814 146 2866 carnalem
160 2816 264 2879 oopulnm
279 2821 353 2884 possit
367 2834 425 2872 unus
438 2821 581 2888 conjugum,
596 2824 666 2876 altero
687 2825 777 2891 inuito,
792 2841 837 2880 re-

32 2878 140 2952 ligionem
160 2887 254 2942 intrare.
272 2891 443 2946 indivisibilitas
463 2893 525 2946 enim
538 2895 677 2949 matrimonii
690 2898 790 2964 pertinet
803 2901 839 2961 ed
