1954 3314
85 109 89 120 ⁵
124 131 169 176 leo
244 122 447 187 suernnnnrrun,
458 137 557 182 ourssr.
574 137 672 187 uxrrrv,
690 139 747 176 lar.
766 139 802 176 un.

122 217 204 266 modus
216 214 352 280 receptionis
364 225 412 264 non
425 213 479 264 lacit
488 212 542 263 vere
557 213 649 264 sentire.
662 214 720 274 Quia
733 213 808 266 omnis
821 216 931 280 potentia

122 286 212 350 passiva
226 285 351 336 secundum
372 295 420 334 sue
434 283 521 348 speclei
531 283 643 334 rationem
658 285 824 336 determinatur
835 287 867 336 ad
881 287 930 336 ali-

124 359 178 422 quid
192 358 291 409 activum
305 355 422 421 speciale,
437 356 491 419 quia
504 355 607 420 putentia
617 355 640 405 in
652 359 763 420 quantum
777 358 927 421 hujusmodi,

123 431 192 481 halet
204 429 306 480 ordinem
317 428 345 476 ad
358 427 413 476 illud
424 431 529 490 respectu
543 427 611 490 cujus
622 427 713 477 dicitur.
724 429 791 480 Unde
804 429 862 480 edm
871 444 928 494 pro-

122 501 197 565 prium
215 499 314 550 actiunnn
328 498 351 548 ln
368 511 437 548 sensu
449 497 555 548 exteriori
575 497 606 548 sit
618 511 656 549 res
674 499 778 548 existens
793 505 863 552 extra
876 501 930 551 ani-

123 583 200 632 mam,
211 573 235 620 et
250 582 297 621 non
309 568 405 619 intentio
426 569 478 633 equ
491 567 593 619 existens
609 568 633 619 in
652 569 818 633 imaginatione
830 572 875 622 rel
891 583 927 621 ra-

123 641 202 704 tione,
218 641 240 690 si
249 654 358 704 organum
370 640 482 691 sentiendi
493 653 539 690 neu
552 643 670 693 movemur
683 640 697 690 a
709 641 778 692 rebus
792 645 876 702 extra,
889 645 926 693 sed

123 727 152 764 ex
173 711 336 776 imaginatione
349 713 385 762 uel
398 711 449 762 aliis
468 711 620 774 superioribus
637 711 737 775 viribus,
749 725 798 762 non
812 713 861 764 erit
875 713 926 764 reri

124 783 216 834 sentire.
229 782 292 832 Unde
303 796 349 832 non
361 783 457 832 didmus
470 782 530 846 qudd
539 781 664 846 phrenetici
675 785 699 834 ct
708 782 748 832 alii
758 789 839 834 mente
853 786 924 849 cepti,

122 855 148 906 iu
161 853 244 917 quihus
260 858 352 918 propter
363 852 481 904 uictoriam
496 853 649 917 imaginaliter
661 854 771 915 uirtutis,
793 855 820 905 iit
838 857 924 920 hujus-

123 926 186 977 modl
204 926 307 975 defluxus
321 924 445 987 specierum
460 925 488 975 ad
502 937 586 988 organa
601 922 731 986 sentiendi,
742 925 798 977 vere
814 929 922 987 sentiant,

122 998 162 1048 sed
176 996 237 1061 quod
250 996 341 1048 videtur
361 995 394 1046 eis
407 995 469 1060 quod
486 997 596 1048 sentiant.

154 1069 183 1118 ltt
204 1067 256 1119 ideo
274 1067 396 1120 dicendum
416 1071 453 1117 est
470 1079 523 1117 cum
550 1067 601 1120 aliis
622 1067 682 1130 qudd
701 1080 784 1118 sensus
801 1081 921 1133 corporum

124 1139 272 1204 gloriosorum
291 1137 334 1189 erit
352 1151 396 1202 per.
410 1137 579 1202 susceptionem
597 1137 694 1188 anetus
714 1152 766 1202 qnae
788 1146 846 1190 sunt
863 1145 924 1191 entra

122 1212 230 1261 animam.
246 1210 290 1260 Sed
305 1209 420 1260 sciendum
437 1213 473 1259 est
492 1209 551 1274 qudd
563 1221 649 1272 organa
668 1209 783 1260 sentiendi
797 1211 922 1260 immutan-

122 1287 161 1332 tur
172 1281 186 1332 ὲ
198 1282 267 1333 retus
286 1293 336 1344 qua
354 1285 408 1331 suut
420 1284 483 1331 extra
501 1280 613 1343 mimam,
625 1280 745 1344 dupliciter
760 1294 767 1330 ε
781 1295 829 1332 uno
842 1284 920 1344 made,

123 1355 301 1404 immutatione
314 1351 430 1402 natarali
438 1390 446 1407 ,
461 1352 551 1414 quando
568 1350 654 1402 scilicet
667 1364 778 1414 organum
796 1353 922 1418 disponitur

122 1425 202 1474 eadem
220 1423 328 1486 qualitate
337 1422 433 1472 naturali
441 1434 486 1486 qua
494 1420 624 1486 disponitur
632 1436 669 1475 res
682 1427 746 1473 extra
759 1423 862 1474 animam
874 1435 919 1488 que

123 1495 170 1559 agit
184 1497 209 1547 in
217 1496 292 1560 ipsum
302 1532 311 1558 ,
321 1495 381 1546 sicut
391 1495 442 1546 cim
456 1507 537 1546 manus
546 1493 578 1544 sil
586 1493 657 1548 calida
668 1508 697 1546 en
707 1499 772 1546 tactu
782 1496 817 1546 rei
828 1497 913 1556 calide,

123 1569 160 1619 vel
173 1567 284 1620 odoriiera
293 1569 391 1617 entaotu
403 1565 578 1628 reiodoriierae3
588 1565 632 1616 ullo
646 1566 727 1625 modo,
737 1567 917 1616 immutatione

122 1639 268 1703 spirituaii,
278 1640 371 1702 quando
380 1638 488 1701 recipitur
501 1637 599 1700 qualitas
610 1636 725 1687 sensibilis
734 1638 759 1686 in
767 1636 916 1701 instrumente

123 1709 248 1763 secuudirm
266 1723 318 1761 esse
335 1707 468 1772 spirituale,
480 1707 503 1757 id
518 1712 554 1758 est
569 1707 656 1772 species
673 1707 722 1758 sire
743 1707 847 1758 intensio
866 1719 915 1772 que·

122 1781 209 1840 litatis,
223 1782 247 1829 et
262 1792 310 1829 non
329 1779 380 1843 ipsa
398 1779 509 1841 qualitas,
524 1779 583 1830 sicut
603 1779 690 1842 pupilla
713 1777 795 1842 recipit
820 1778 916 1843 speciem

123 1850 248 1908 albedinis,
264 1855 288 1900 et
308 1853 385 1901 tamen
404 1851 453 1913 ipse
467 1862 514 1899 non
529 1849 626 1900 elicitur
645 1850 704 1899 alba.
724 1849 804 1900 Prinna
817 1863 862 1914 ego
882 1861 917 1899 re·

123 1920 197 1985 ceptio
211 1933 258 1970 non
271 1924 350 1968 causat
367 1926 473 1980 sensum,
489 1933 531 1982 per
544 1932 570 1970 se
583 1919 711 1984 loquendo,
728 1920 782 1984 quia
796 1929 917 1974 seususest

123 1991 267 2056 susceptivus
286 1990 413 2052 speclemm
425 1990 449 2038 in
464 1991 560 2040 materia
576 1995 658 2054 preter
676 1992 813 2053 materiam,
829 1992 854 2043 id
867 1997 914 2049 est.

122 2067 205 2126 preter
218 2074 268 2110 esse
281 2059 398 2110 materiale
409 2059 470 2122 qnod
483 2061 582 2111 latebat
595 2067 660 2112 extra
670 2063 784 2123 animem,
798 2067 825 2113 ui
838 2063 916 2114 dicitnr

122 2135 141 2184 ll
155 2141 188 2184 lte
201 2135 289 2183 aalma
304 2132 376 2195 (tent.
389 2135 433 2181 ltl,
445 2131 465 2196 ),
474 2135 499 2182 et
512 2134 563 2184 hac
577 2133 677 2197 receptio
699 2134 804 2184 immutat
817 2137 915 2184 naturam

122 2204 270 2269 recipientis,
285 2203 339 2265 quie
352 2203 463 2268 recipitur
475 2205 520 2256 lroe
540 2203 606 2255 modo
623 2205 721 2268 qualitas
735 2205 861 2256 secundm
871 2219 917 2256 esee

123 2289 190 2326 suum
210 2274 336 2324 materiale.
351 2275 415 2325 Unde
432 2275 476 2325 iste
491 2274 592 2339 receptio
611 2289 659 2326 nor
680 2276 723 2327 erit
744 2276 769 2325 in
786 2277 915 2339 eorporilrm

123 2346 242 2410 gloriosis,
263 2344 301 2394 sed
314 2346 413 2397 secunda
424 2382 432 2408 ,
446 2358 497 2410 que
510 2359 551 2410 per
564 2359 589 2398 se
601 2346 659 2398 lacit
672 2359 764 2398 sensum
775 2347 800 2397 in
813 2351 880 2412 ectu,
895 2353 915 2398 et

122 2431 167 2468 non
179 2417 285 2466 immutet
297 2420 401 2467 naturam
418 2417 560 2482 recipientis.

154 2489 187 2538 lld
204 2487 302 2552 primum
313 2500 368 2551 ergo
380 2487 517 2550 dicendum,
532 2486 593 2551 qudd
608 2487 706 2552 (ntjam
716 2491 782 2553 patet
800 2487 914 2551 exdictis)

123 2573 164 2622 per
182 2561 242 2609 hauc
254 2559 383 2624 passionem
397 2573 448 2623 quae
462 2564 498 2610 est
511 2560 536 2609 iu
549 2563 604 2610 actu
617 2559 748 2622 sentiendi,
759 2572 810 2624 que
825 2572 871 2611 nen
882 2563 913 2610 est

122 2632 183 2682 alind
197 2629 266 2694 quim
280 2633 382 2696 receptio
395 2631 519 2696 predicta,
533 2643 579 2680 nou
590 2631 685 2682 trahitur
702 2643 786 2695 corpus
802 2637 865 2682 extra
876 2644 913 2682 ut·

121 2701 217 2752 turalem
239 2715 307 2756 suern¹
323 2702 469 2766 qualitatem,
484 2703 525 2752 sed
547 2701 695 2766 spiritualiter
707 2701 833 2765 perficitur.
853 2703 911 2752 Unde

122 2771 292 2836 impassibilitas
309 2772 456 2837 gloriosorum
471 2784 589 2836 corporum
604 2773 663 2820 hanc
675 2772 803 2834 passionem
817 2785 861 2822 nou
870 2785 910 2822 er·

122 2843 200 2894 cludit.
