1924 3322
174 181 209 222 bs
224 181 334 220 ἸἛΙΡΟΙΒ
347 181 377 220 ΕΤ
394 181 462 222 nobo
478 181 687 220 ussurusmloltltt.
783 172 830 222 ⁴29

28 257 86 308 lium
100 255 257 322 singulomm.
271 275 284 308 o
298 257 343 310 Sed
355 271 401 308 uon
413 258 458 310 erit
474 257 526 309 autb
538 258 688 319 resurrectio,
702 257 769 322 mrim
779 273 830 310 cor-

27 342 103 392 pomm
113 330 271 394 glorificatio;
282 329 335 394 quia
347 347 361 378 c
373 329 504 381 reformabit
512 343 593 394 corpus
602 330 739 382 humilitatis
748 335 829 384 nosirae

27 401 197 463 configuratum
208 402 296 467 corpori
310 401 417 452 claritatis
427 415 482 458 sum,
496 417 510 448 o
526 402 651 467 Philipp..
669 403 715 464 lll;
729 407 753 452 et
768 420 781 450 ιι
791 416 828 453 re·

28 473 177 523 surrectionis
190 473 230 524 lilii
244 469 310 524 erunt
319 473 380 524 sicut
391 472 466 535 ungeli
476 472 500 522 in
508 472 578 532 cralo,
588 489 602 520 o
614 477 639 522 nt
649 477 713 537 patet
723 474 828 532 Metti„

26 544 92 598 lllill.
108 545 173 610 Ergo
187 544 321 598 resurrectio
336 544 460 596 cliiierotur
471 557 544 609 osque
561 545 589 596 ad
607 544 676 597 finem
690 545 787 609 muudi,
803 546 828 596 in

26 627 69 677 quo
86 629 171 668 omnes
189 617 257 668 simul
269 618 397 681 resurgent.

54 686 215 750 (Concussae.
231 715 263 728 -
275 688 333 740 clm
352 692 401 740 tota
417 687 511 738 macria
530 688 679 740 bumanorum
708 701 828 754 corporum

27 756 160 821 subjiciatur
176 760 249 812 motui
262 760 388 812 caelestium
402 771 533 824 corporum,
547 760 710 812 conuenienter
719 761 829 811 bumano-

27 840 72 877 rum
89 843 214 894 corporum
227 831 444 895 resurrectioneque
457 831 486 881 acl
497 831 564 882 tinem
576 831 654 882 muudi
665 832 791 894 differetur,
803 832 828 882 in
847 879 849 884 .

27 911 69 959 quo
82 905 162 953 motus
177 903 350 966 conquiescet.
366 901 375 966 )

57 971 197 1036 llespondeo
220 975 356 1037 dicundum,
370 974 432 1038 quoi
451 973 510 1026 sicat
527 975 667 1037 Augustinus
688 973 743 1026 dicit
757 974 782 1026 in
794 975 826 1024 lll

28 1040 61 1090 De
75 1043 170 1096 Trinit.
188 1047 253 1110 (esp.
267 1047 307 1111 l),
324 1046 423 1098 «diuina
437 1047 582 1110 prouidentia
596 1046 675 1098 statuit
692 1049 718 1096 ut
734 1059 827 1110 corpora

28 1113 133 1166 crassiora
152 1121 178 1168 et
192 1117 299 1168 inferiora
318 1119 385 1183 (sire
402 1116 545 1180 infirmiora)
560 1130 600 1180 per
614 1116 732 1168 subtiliora
748 1121 772 1167 et
787 1132 828 1182 po-

26 1186 119 1238 tentiora
131 1190 232 1252 quodam
249 1190 327 1242 ordine
341 1195 457 1255 reguntur.
471 1205 486 1237 n
500 1190 530 1242 Et
544 1189 596 1240 ideo
609 1191 656 1239 totu
670 1189 764 1240 materia
777 1202 827 1240 cor·

26 1267 103 1316 porum
117 1259 253 1314 interiorum
266 1261 370 1324 subjacet
383 1260 502 1312 variationi
510 1259 635 1312 secundnm
647 1262 738 1310 motum
748 1260 827 1310 cceles-

27 1324 80 1378 tinm
98 1343 223 1394 corpomm
233 1348 239 1382 :
251 1333 310 1384 uncle
324 1337 386 1386 esset
397 1337 475 1384 contra
488 1331 590 1382 ordinem
604 1343 673 1394 quem
686 1329 764 1380 divine
777 1344 829 1394 pro·

27 1398 127 1452 ridentia
138 1406 221 1456 statuit
231 1404 256 1456 in
270 1397 354 1466 rebus,
369 1405 390 1456 si
401 1403 495 1456 materia
513 1404 647 1456 interiorum
660 1415 780 1468 corporum
800 1405 831 1456 ad

28 1474 108 1524 statum
121 1477 302 1543 incorruptionis
311 1479 471 1542 perduceretur
480 1515 487 1539 ,
497 1480 603 1528 manente
614 1477 676 1526 motu
687 1475 831 1540 superiorum

30 1556 157 1608 corporum.
173 1550 202 1602 lit
224 1550 293 1616 quia,
309 1549 433 1602 secundirm
455 1548 591 1614 positionem
612 1547 679 1611 fidei,
693 1547 831 1600 resurrectio

30 1617 69 1666 erit
78 1620 101 1671 in
117 1623 190 1676 vitam
201 1623 352 1676 immortalem
363 1623 510 1674 conformiter
521 1623 620 1685 Christo,
628 1623 672 1685 qui
685 1634 830 1687 «resurgens

31 1699 57 1736 tx
75 1695 253 1758 mortuis,‘jsm
271 1709 316 1748 nou
333 1695 434 1754 moritur,
453 1711 467 1742 o
484 1700 510 1746 ιιι
522 1693 605 1744 licitur
619 1695 699 1748 llum..
720 1693 748 1742 ill
758 1730 767 1756 ,
779 1693 830 1744 ideo

31 1759 181 1820 humanorum
191 1779 311 1831 corporum
321 1765 537 1829 resurrectioneque
549 1765 578 1815 ud
590 1765 659 1814 linem
670 1763 748 1814 mnndi
762 1764 829 1814 diffc-

31 1835 103 1898 ratur,
115 1836 141 1886 in
153 1851 199 1901 quo
212 1843 289 1889 molus
302 1839 356 1890 coeli
366 1839 478 1902 quiescet.
489 1839 519 1887 Et
531 1839 623 1902 propter
639 1837 683 1885 lroc
696 1835 765 1886 etiam
779 1838 831 1900 qoi-

32 1901 79 1954 dcm
96 1909 242 1972 philosophi,
254 1909 294 1973 qui
304 1914 430 1974 posueruut
440 1911 526 1960 motum
537 1908 589 1960 eceli
601 1920 720 1971 nunquam
729 1919 828 1970 cessare,

31 1985 155 2050 posuerunt
173 1980 270 2032 reditum
284 1983 433 2032 humanarum
446 1981 572 2034 animarum
591 1979 620 2030 ue
637 1992 732 2043 corpora
744 1985 830 2030 morta·

32 2041 74 2122 ιιι,
87 2051 167 2111 qualia
181 2066 243 2102 nuno
256 2054 382 2116 babemus,
398 2054 447 2104 sire
466 2057 578 2118 ponerent
591 2052 688 2104 reditum
706 2051 788 2100 animes
800 2053 828 2100 cd

31 2116 87 2166 ulem
100 2134 184 2188 corpus
194 2123 218 2174 in
229 2125 274 2176 tine
285 2125 361 2188 magni
372 2125 436 2186 anni,
444 2130 471 2174 ut
480 2125 643 2190 Empedocles,
658 2123 708 2174 sire
721 2123 748 2173 ad
758 2121 828 2186 mind,

32 2190 54 2266 tlt
67 2187 224 2256 P'ytlragorus,
236 2195 275 2258 qui
286 2197 363 2258 posuit
373 2196 495 2259 quamlibet
505 2196 605 2248 animam
613 2193 735 2258 'qrrodlibet
746 2205 831 2256 corpus

33 2264 130 2323 ingredi,
145 2269 172 2315 ut
185 2266 264 2317 dicitur
276 2267 300 2317 in
313 2269 323 2318 l
340 2269 377 2318 De
389 2271 476 2318 noima
492 2269 566 2332 (text.
581 2266 640 2329 ιι).

61 2333 93 2382 lo
103 2337 204 2399 primum
215 2351 270 2400 ergo
281 2339 415 2402 dicendum,
426 2339 486 2402 qnod
498 2337 602 2404 quamuis
613 2339 683 2401 caput
692 2335 766 2398 magis
776 2349 830 2386 ccu-

34 2405 108 2457 reniut
122 2423 175 2460 cum
188 2409 297 2463 membris
308 2411 469 2463 convenientil
481 2409 648 2475 proportionis,
666 2422 717 2471 quo
731 2407 832 2470 erigitur

35 2476 58 2523 ad
77 2478 119 2530 boc
131 2481 192 2544 quud
209 2481 234 2532 in
248 2481 348 2532 membro
362 2483 455 2544 inbuet,
466 2481 534 2546 quim
552 2480 653 2532 membra
674 2480 702 2530 ul
713 2477 830 2541 invicem,

34 2547 107 2598 tamen
120 2556 190 2615 ceput
200 2551 269 2604 babet
278 2554 432 2604 causalitatem
442 2555 562 2616 quamdam
574 2564 644 2616 super
656 2551 770 2613 membra,
785 2563 831 2613 qna

34 2621 131 2674 menbra
140 2627 230 2684 carent,
248 2627 272 2674 et
283 2623 307 2674 in
324 2624 369 2675 lucc
382 2625 482 2676 membra
493 2623 602 2674 differunt
618 2624 631 2673 b
644 2623 719 2688 capite
737 2626 760 2673 et
773 2635 830 2672 con·

35 2690 126 2744 veniunt
139 2695 167 2746 ad
179 2694 287 2746 inuicem.
302 2696 366 2746 Unde
379 2697 514 2747 resurrectio
530 2695 616 2746 Christi
628 2696 744 2760 exemplar
759 2694 831 2758 cuod·
885 2705 892 2718 '

35 2757 83 2810 dam
98 2770 183 2818 nostra
201 2765 374 2818 resurrectionis
393 2773 446 2827 ast,
461 2781 490 2819 er
503 2768 570 2832 cujus
585 2768 629 2819 ilde
649 2781 702 2832 spos
718 2767 784 2818 nobis
802 2767 832 2818 de

36 2836 107 2885 nostra
123 2838 290 2890 resurrectione
301 2840 429 2904 consurgit3
439 2854 484 2890 non
497 2845 573 2892 autem
587 2842 722 2892 resurrectio
733 2840 831 2904 alicujus

39 2908 128 2962 membri
137 2909 224 2964 curisti
232 2913 267 2964 est
275 2924 343 2964 cansa
351 2913 522 2966 resurrectionis
530 2917 661 2967 cstomrun
669 2915 829 2966 membrorum.
