1954 3314
131 172 175 222 tit
248 183 450 234 suornsnnrrruu,
467 183 557 230 conso.
576 144 679 232 turmnss
693 181 751 220 uer.
767 179 803 220 vn.

162 265 185 308 c.
200 261 328 323 Fretum,
343 259 398 311 iliud
409 259 469 323 qnod
482 265 518 310 est
531 257 702 313 occasionaliter
715 263 740 308 et
752 261 841 322 preter„
850 259 927 309 inten-

128 332 215 384 tionem
228 336 314 382 nature
329 331 446 382 inductum
461 343 508 381 nun
520 333 638 393 resurget,
652 330 706 394 quin
719 329 744 378 in
760 329 925 380 resurrectione

129 403 204 454 omnis
217 416 280 454 error
290 403 388 457 tolletur.
403 401 446 451 Sed
461 415 530 452 sexus
544 401 660 451 mniieivris
674 405 710 451 est
723 405 806 463 preter
818 400 928 450 incutio·

128 488 181 524 nem
203 479 289 524 naturae
307 473 426 534 inductus,
441 485 469 523 ex
482 473 572 525 deiectu
593 471 685 522 virtutis
706 471 832 522 formative
850 470 873 520 iu
893 485 930 522 se·

129 544 205 608 mine,
221 559 272 609 que
286 556 333 594 uon
348 547 426 608 potest
437 542 692 606 perduceramaterium
705 542 813 606 concepti
831 543 859 594 ad
872 555 931 606 per-

128 616 250 667 fectionem
260 615 357 678 viritem,
367 615 427 664 unde
435 614 489 666 dicit
500 614 654 678 Philosophus
663 613 688 664 iu
697 615 747 667 XV!
759 614 796 662 Dc
808 613 926 669 animat..

128 686 188 750 qudd
208 686 301 737 immina
317 689 354 736 est
371 698 420 735 mas
434 686 601 736 occasionatus.
615 701 631 733 u
645 686 706 748 Ergo
726 698 797 738 sexus
810 682 928 734 muliebris

128 770 174 808 non
187 761 300 820 resurget.

160 827 205 878 Sed
224 833 300 878 contra
322 833 374 886 est,
392 827 452 891 quod
469 827 524 878 dicit
543 827 684 892 Augustinus
704 828 730 878 in
751 827 812 878 xxn
828 825 868 876 lit.
889 827 928 875 De

130 899 243 948 cive-tare
259 900 307 949 Dei
318 899 378 966 (cap.
391 900 429 961 ti)
446 913 480 948 :u
488 897 568 949 italiis
577 909 656 963 sepem
668 899 775 950 videntur
783 896 824 962 qni
834 902 927 948 utrum-

129 983 174 1032 que
193 983 273 1021 sexum
286 973 463 1022 resurrecturum
480 983 530 1020 esse
546 983 591 1022 non
602 969 716 1020 dubimnt.
733 987 748 1018 »

159 1041 288 1104 Praetereo,
302 1041 361 1092 tteus
379 1040 493 1105 reparabit
508 1041 532 1090 in
546 1041 712 1093 resurrectione
723 1041 784 1102 qnod
797 1040 822 1090 in
835 1039 929 1090 homine

130 1111 183 1162 iecit
196 1111 220 1163 in
238 1113 311 1176 prinu
323 1111 462 1165 conditione.
483 1113 526 1165 Sed
539 1112 591 1174 ipse
612 1111 667 1163 iecit
679 1112 800 1162 mutierem
818 1111 847 1162 de
866 1117 927 1162 rosta

129 1182 186 1245 viri,
203 1186 229 1233 ut
247 1187 309 1246 patet
325 1185 397 1244 Gen,
410 1185 441 1234 ii.
461 1183 521 1248 Ergo
539 1182 589 1248 ipse
608 1196 688 1234 sexum
701 1183 837 1234 immineum
851 1182 877 1232 in
888 1195 926 1232 re·

130 1255 268 1305 surrectione
291 1255 414 1319 reparabit.

163 1327 357 1392 (concensu-2·
369 1326 563 1386 Quemadmodum
580 1325 686 1377 homiues
705 1324 856 1377 resurrecturi
874 1328 927 1374 sunt

130 1398 225 1448 diverse
235 1401 335 1460 stature,
348 1397 530 1448 itadiversurnm
547 1409 661 1460 sexuum3
676 1398 749 1448 atterit
766 1401 842 1448 tamen
859 1396 926 1446 iibido

130 1469 158 1518 ad
174 1473 250 1533 turpes
270 1473 335 1519 actus
349 1468 479 1528 incitans.)

161 1541 296 1604 Respondeo
310 1539 430 1590 dicendum
446 1537 507 1601 qudd
520 1539 580 1588 sicut
598 1537 741 1590 considerati
753 1535 833 1588 naturd
846 1535 929 1587 indivi·

131 1608 169 1658 dui
186 1610 280 1660 debetur
293 1611 383 1662 diversa
397 1609 513 1672 quantitas
528 1608 623 1660 diversis
645 1607 790 1667 horninibus,
804 1610 839 1658 ita
850 1608 927 1658 consi-

131 1680 208 1731 derati
219 1680 299 1731 uaturd
312 1681 424 1732 individui
437 1679 532 1731 debetur
545 1681 648 1731 diversus
661 1693 730 1732 sexus
747 1679 842 1732 diversis
856 1678 926 1730 homi

131 1749 211 1813 nibus3
224 1757 249 1802 et
266 1754 317 1804 haec
331 1753 400 1803 etiam
415 1751 536 1804 diversitas
546 1751 657 1814 competit
670 1751 807 1814 perfectioni
823 1763 858 1813 mr

131 1821 197 1884 cujus
209 1819 293 1872 diversi
307 1824 389 1886 gradus
406 1823 529 1886 implentur
542 1835 583 1885 per
595 1819 681 1872 dictam
692 1821 848 1872 diversitatem

131 1891 168 1940 vol
178 1893 320 1956 quantitatis.
335 1895 364 1944 Et
382 1895 451 1955 ideo,
464 1893 523 1944 sicut
536 1897 655 1956 resurgent
670 1891 775 1943 homines
790 1893 815 1942 iu
832 1889 853 1941 di

130 1963 237 2024 scuris,
251 1963 284 2013 ita
303 1964 328 2013 in
348 1963 446 2014 diversis
463 1963 565 2014 sexibus.
583 1963 610 2026 Et
626 1962 731 2026 quamvis
753 1963 784 2013 sit
804 1962 856 2012 ditis

132 2047 240 2098 sexuum,
256 2033 327 2086 deerit
346 2038 423 2085 tamen
441 2035 545 2086 contusio
556 2037 647 2085 mutum
666 2033 777 2094 visionis,
792 2033 847 2097 qnia

131 2104 200 2156 libido
214 2103 313 2155 incitans
325 2106 353 2157 ad
369 2109 446 2169 turpes
459 2111 537 2168 actus,
552 2105 678 2169 exquibus
696 2105 802 2154 contusio
813 2116 868 2154 cau.-

163 2178 196 2227 rtd
214 2175 313 2240 primurn
326 2189 379 2239 ergo
399 2177 535 2242 dicendum,
551 2176 613 2241 qudd
626 2177 678 2228 sirm
690 2175 772 2226 dicitur
793 2191 800 2227 a
818 2193 833 2223 u
847 2181 897 2220 tr..

131 2247 222 2299 Christo
239 2261 384 2300 occurremus
396 2249 504 2299 invirum
518 2249 653 2313 perfectum,
662 2264 676 2296 u
687 2259 733 2298 uon
747 2246 861 2310 diciturp:

132 2332 211 2369 sexum
224 2317 329 2380 uirilem,
343 2321 383 2372 sed
395 2323 488 2384 propter
500 2320 606 2370 virtutem
621 2319 691 2370 animi
697 2353 707 2382 ,
721 2329 772 2382 qun
785 2318 830 2368 erit
846 2316 868 2366 ic
883 2346 902 2360 ·.

132 2388 211 2448 nibus,
226 2391 250 2438 et
262 2387 317 2439 viris
329 2394 353 2440 et
367 2390 507 2440 mulieribus.

164 2461 197 2510 td
212 2461 336 2511 secuudum
345 2461 465 2514 dicendum
476 2497 483 2524 ‚
494 2460 554 2524 qudd
568 2460 649 2512 mulier
662 2461 766 2512 subditur
775 2460 827 2511 viro
840 2473 852 2523 ι

132 2529 310 2583 imbecillitatem
319 2537 426 2595 nature,
440 2537 464 2584 et
473 2537 584 2597 quantum
597 2533 625 2582 ad
634 2532 736 2596 vigorem
745 2533 817 2582 animi
826 2535 851 2582 et

132 2606 180 2652 tum
191 2603 218 2652 ad
233 2604 301 2655 robur
312 2605 413 2669 corporis
419 2621 428 2670 3
439 2605 480 2656 sed
491 2609 544 2667 post
555 2604 742 2656 resurrectionem
755 2616 801 2654 non
811 2603 853 2654 ori·

132 2673 205 2722 rentiu
223 2674 246 2723 in
261 2675 297 2727 tris
317 2675 442 2726 secundino
455 2675 609 2726 diversitatem
624 2687 734 2737 sexuum,
750 2675 791 2724 sed
808 2686 851 2732 ma:
898 2693 907 2709 ν

132 2743 229 2796 cunddm
248 2747 401 2798 diversitatem
419 2746 559 2796 meritorum.
574 2746 604 2795 Et
619 2744 671 2796 ideo
685 2745 743 2795 ratio
759 2757 806 2796 uon
819 2757 866 2808 pr*

164 2817 196 2865 tid
209 2816 299 2866 tertium
314 2815 519 2877 dicendum‚qu'od
529 2814 635 2878 quamuis
652 2816 754 2866 foemina
769 2826 853 2878 genera
883 2835 885 2843 ‚

133 2889 215 2945 preter
229 2887 379 2938 intentionem
391 2889 476 2936 naturae
493 2884 651 2948 particularis,
672 2888 798 2936 esttamen
815 2885 844 2936 de
