1980 3320
304 161 334 198 on
350 161 453 200 uetuere
467 163 614 201 consensus.
824 157 854 202 ιε

80 237 125 287 Seri
147 239 247 298 contra,
262 237 339 286 uultus
354 237 501 289 consentiens
516 239 541 288 in
554 239 667 289 carnalem
684 240 802 303 copulam,
819 245 856 292 est

53 308 113 371 uirgo
128 313 209 358 mente
225 313 248 358 ct
265 322 343 358 came.
361 309 406 358 Sed
427 311 506 360 beatus
526 311 625 362 loannes
637 311 786 374 Euangelista
804 317 856 376 post

20 425 21 430 ,
54 392 189 430 consensum
208 379 334 443 nuptialem
355 381 401 430 fuit
418 382 482 445 uirgo
500 386 577 432 mente
595 386 618 433 et
639 395 714 433 carue.
736 383 796 445 Engo
810 397 856 434 nou

53 451 168 502 consensit
184 452 212 500 in
225 452 339 501 carnalem
350 453 465 516 copulam.

82 525 211 584 Praeterea,
234 523 329 572 enectus
349 525 472 588 respondet
495 537 579 576 causae.
601 525 646 576 Sed
668 537 792 576 consensus
819 529 857 577 est

53 606 118 644 cansa
133 593 285 643 matrimonii.
300 592 358 642 Cium
376 607 430 658 ergo
447 596 475 646 de
490 595 589 646 essentia
608 596 746 646 matrimonii
759 609 804 647 nou
824 598 856 648 sit

20 681 21 742 ι
54 666 148 716 carnalis
157 665 241 728 copula
249 701 258 726 ,
267 664 356 715 ridetur
365 665 426 729 quoti
437 679 479 716 neu
490 679 624 730 cousensus,
639 667 678 731 qui
689 668 855 720 matrimonium

52 743 139 801 causat,
155 737 187 788 sit
202 736 228 786 in
242 737 355 787 carnalem
367 740 480 802 copulam.

84 811 249 870 (Concuosro.
261 834 292 846 ·-
304 807 363 859 cium
379 809 511 874 coniunctio
524 812 621 862 carnalis
635 824 681 862 uon
695 811 725 861 sit
740 812 855 864 matrimo-

54 881 114 933 nium
129 879 301 940 essentialiter,
317 893 444 931 consensus
463 881 628 934 matrimonium
644 882 733 933 faciens
754 897 799 935 nou
819 889 856 934 est

54 967 180 1006 consensus
205 953 231 1002 in
257 953 371 1004 carnalem
387 953 505 1018 copulam,
523 955 563 1005 sed
585 955 610 1004 iu
630 954 811 1017 matrimonium,
832 956 855 1005 in

55 1028 131 1078 ordine
146 1027 176 1077 ad
190 1024 305 1075 ramalem
318 1025 452 1089 copulam.)

82 1099 225 1164 Respondeo
250 1097 387 1160 dicendum,
405 1097 466 1162 quod
485 1111 608 1149 consensus
629 1097 667 1161 qui
687 1097 855 1148 matrimonium

56 1171 119 1232 iacit,
132 1173 172 1220 est
187 1181 315 1220 consensus
331 1167 357 1218 in
372 1169 559 1230 matrimonium,
569 1168 623 1232 quia
642 1167 738 1219 effectus
751 1168 855 1234 proprius

56 1241 181 1292 uoluntatis
194 1244 232 1290 est
245 1240 321 1302 ipsum
340 1237 452 1302 volitum3
466 1241 544 1303 uude,
559 1241 617 1289 sicut
631 1239 726 1289 earnalis
740 1241 821 1304 copula
833 1253 857 1290 se

57 1313 122 1363 hahet
137 1313 166 1362 ad
180 1309 361 1372 matrimonium,
374 1311 406 1359 ita
418 1323 555 1374 cousensus,
567 1310 606 1373 qui
617 1310 785 1360 matrimonium
805 1323 858 1360 caa-

58 1388 101 1442 sat,
113 1385 150 1434 est
163 1382 189 1431 in
203 1381 318 1430 carnalem
334 1381 449 1450 copulam.
465 1382 633 1433 Matrimonium
647 1384 722 1430 autem
735 1381 776 1446 (ut
790 1381 858 1444 suprt

59 1455 138 1506 lictum
158 1458 211 1515 est,
228 1467 268 1516 qu.
284 1457 328 1513 tt,
345 1456 388 1502 art.
407 1456 446 1514 1),
461 1465 507 1504 non
523 1457 559 1504 εει
573 1453 725 1504 essentialiter
737 1453 787 1516 ipsa
804 1465 858 1502 cou-

62 1527 140 1587 junctio
159 1526 276 1584 earnalis,
292 1525 333 1575 aeri
352 1527 454 1588 quadam
472 1526 592 1577 associatio
616 1525 660 1576 uiri
683 1526 816 1587 elratoria,
834 1526 858 1575 in

20 1591 21 1604 ¹
61 1599 130 1650 ordine
145 1599 176 1649 ad
199 1595 316 1646 carnalem
334 1596 436 1658 copulam
455 1601 479 1646 ει
495 1597 603 1661 aliaque
621 1593 812 1662 ux'consequepti
830 1598 855 1645 ari

60 1670 129 1720 rtrum
140 1674 165 1721 et
179 1680 278 1718 uxorem
288 1666 411 1731 pertinent,
423 1667 546 1718 secundum
557 1668 617 1732 quod
630 1667 665 1717 eis
678 1669 743 1716 datur
755 1663 858 1730 potestas

59 1743 82 1791 ed
99 1743 202 1792 invicem
222 1743 328 1803 respectu
342 1739 437 1788 carnalis
451 1740 551 1803 copule3
568 1742 591 1789 et
604 1740 653 1790 trec
667 1737 788 1788 associatio
801 1751 855 1788 oon·

20 1821 21 1824 ’
57 1813 138 1876 jugalis
156 1813 243 1876 ropula
259 1811 349 1861 dicitur.
365 1811 428 1860 Unde
441 1815 519 1874 patet,
534 1810 592 1874 quod
613 1809 670 1862 liene
684 1810 788 1860 dixerunt
806 1811 839 1860 illi
847 1847 855 1875 ,

59 1885 95 1947 qui
110 1885 222 1936 dixerunt
233 1882 294 1947 quod
308 1882 436 1932 consentire
447 1883 472 1932 in
486 1881 670 1946 matrimonium,
681 1887 717 1932 est
728 1883 857 1934 consentire

59 1957 82 2006 in
94 1957 211 2007 ramalem
221 1953 325 2018 copulam
337 1952 460 2016 implicite,
471 1967 517 2002 nun
526 1952 642 2017 explicite3
654 1966 700 2005 non
714 1953 776 2004 euim
790 1954 858 2004 debet

61 2027 164 2092 intelligi,
179 2026 226 2077 nisi
238 2026 299 2076 siout
313 2025 420 2088 implicite
434 2026 564 2076 continetur
577 2025 671 2076 electus
684 2026 709 2075 in
720 2037 761 2076 sua
774 2037 851 2085 causa,

60 2100 110 2162 quia
126 2101 233 2163 potestas
243 2097 340 2146 carnalis
351 2099 452 2161 copule,
462 2097 487 2146 iu
497 2110 565 2160 quarn
578 2097 728 2157 consentitur,
742 2101 776 2146 εει
790 2107 858 2145 cauea

62 2173 156 2222 cernatis
174 2169 277 2234 copulae,
293 2168 352 2218 siout
366 2172 467 2232 potestas
479 2167 558 2219 utendi
573 2181 597 2218 re
610 2181 651 2219 aua
666 2172 701 2218 est
710 2179 778 2217 causa
792 2167 857 2215 usus.

90 2242 242 2307 ltprimum
261 2252 314 2301 ergo
333 2237 537 2302 dicendum,quld
559 2249 684 2290 cousensus
699 2238 723 2287 iu
738 2237 859 2287 matrimu-

63 2315 123 2364 nium
141 2315 196 2364 iuteo
212 2315 249 2362 est
263 2311 396 2361 damnabilis
409 2315 461 2374 post
475 2316 553 2362 uotum
574 2309 730 2374 uirginitatis,
744 2309 796 2372 quia
818 2321 859 2372 per

63 2387 129 2436 talem
148 2395 290 2434 consensum
303 2383 368 2431 datur
380 2387 482 2446 potestas
498 2383 526 2432 ad
539 2381 562 2432 id
582 2382 642 2444 quod
658 2391 704 2431 nun
717 2380 784 2443 lieet3
802 2380 860 2430 siout

64 2459 178 2520 peccaret,
187 2455 227 2518 qui
238 2454 301 2503 daret
312 2452 377 2502 alteri
387 2457 520 2518 potestatem
530 2451 656 2517 accipiendi
668 2452 726 2502 illud
739 2453 799 2515 quud
809 2451 859 2515 ipse

64 2529 86 2577 in
98 2527 206 2592 deposito
220 2525 298 2587 hahet,
311 2537 357 2576 nou
372 2525 444 2578 sollum
458 2526 481 2574 in
491 2527 535 2576 hoo
547 2527 605 2589 quod
621 2525 644 2574 ei
659 2525 860 2574 actualitertrade·

65 2602 105 2649 ret.
124 2600 156 2649 lle
171 2609 287 2648 consensu
299 2599 378 2646 autem
392 2598 464 2650 uerte
478 2596 578 2660 Virginis
595 2596 678 2646 dietum
696 2599 739 2657 εει,
756 2595 786 2645 lll
800 2598 859 2658 part.

65 2684 100 2733 qu.
114 2674 154 2734 29,
174 2673 219 2719 art.
237 2671 261 2717 ι.

94 2743 126 2791 ild
137 2741 264 2792 secuudum
279 2738 399 2790 dicendum
406 2775 414 2803 ,
424 2741 485 2805 quod
498 2740 557 2790 iuter
565 2739 659 2789 tratrem
673 2741 696 2789 et
705 2749 803 2788 sororem
814 2749 858 2786 uon

67 2817 138 2875 potest
156 2826 209 2864 esse
227 2814 330 2876 potestas
345 2812 368 2860 iu
384 2811 482 2863 inuicem
498 2813 526 2862 ad
542 2811 656 2860 carnalem
669 2809 787 2872 copulam,
802 2806 860 2856 sieut

69 2895 108 2934 uec
116 2883 177 2936 licite
189 2881 288 2934 carnalis
302 2881 393 2948 copula,
410 2887 435 2934 et
448 2883 499 2933 ideo
513 2881 570 2932 ratie
583 2891 629 2932 non
642 2877 752 2942 sequitur.
