1966 3304
100 143 146 190 ita
244 151 445 203 scientissume,
462 151 553 198 consu.
571 154 633 204 urin,
649 149 706 192 anu.
725 150 750 190 rt.
796 159 798 172 ·
953 201 960 218 1

25 246 28 259 =
98 226 250 282 fornicantem
260 229 331 281 liuore
342 230 447 281 vindicte
456 230 579 294 peccatpsi
588 233 665 280 tamen
675 231 703 280 ad
712 229 829 280 infamiam
843 244 914 294 pro-

24 359 26 364 ,
97 301 171 364 priam
183 301 316 364 cauendam,
326 314 354 352 ne
363 301 465 352 uideatur
475 302 589 366 particeps
598 301 709 364 criminis,
719 304 756 350 uel
770 302 798 353 ad
811 301 913 354 uitium

97 372 175 423 uxoris
188 373 356 438 corrigendum,
368 373 407 424 uel
425 373 453 424 ad
469 373 601 425 evitandum
616 372 686 438 prolis
698 372 909 440 incertitudinem,

97 457 142 495 uon
157 450 247 509 peccat.

128 515 162 566 ud
175 517 299 568 secundum
310 517 445 579 dicendum,
456 517 518 583 qnod
536 515 658 569 diuortium
671 529 700 568 ex
711 529 780 568 causa
791 517 904 570 munica-

97 588 165 640 tionis
178 589 203 638 frt
212 602 258 641 nuo
273 592 391 640 accusante
401 589 479 640 aliurn.
493 591 522 640 Et
536 591 590 654 quia
601 589 676 640 nullus
684 593 760 654 potest
773 604 902 656 accusare,
933 637 938 647 ,

98 659 138 723 qui
154 659 179 710 iu
192 661 260 712 simili
272 661 366 712 crimine
379 661 472 723 existit,
486 662 576 734 quando
592 663 688 725 uterque
699 661 839 727 fornicatur,
862 663 905 713 di-

97 731 195 782 uortium
208 731 316 783 celebrari
330 745 377 784 nou
389 735 478 796 potest3
490 732 596 796 quamvis
607 731 680 796 magis
693 736 800 797 peccetur
813 738 904 786 eontra

98 802 267 854 matrimonium
284 807 378 868 utroquo
398 803 535 868 fornicante,
549 804 617 870 quem
631 805 701 856 altero
714 803 813 855 tantdm.
884 825 891 846 r

130 875 163 924 id
180 874 271 924 tertium
287 871 420 936 dicendum,
439 873 501 938 qudd
520 874 744 925 *fornicatiodirecte
758 880 794 926 est
815 879 903 928 contra

99 945 183 996 ionum
196 945 349 1009 matrimonii,
367 945 420 1010 quia
432 945 520 996 tollitur
532 959 573 1011 per
587 958 637 998 eam
649 945 759 997 certitudo
777 947 863 1011 prolis,
874 953 904 998 et

99 1018 155 1068 tides
166 1016 285 1082 frangitur,
300 1021 323 1068 et
337 1016 470 1081 significatio
484 1030 530 1069 non
546 1020 658 1080 seruatur,
673 1018 726 1068 duur
739 1019 902 1083 uuus‘equ'u-

100 1103 153 1153 gum
174 1089 276 1153 pluribus
302 1101 393 1140 caruem
413 1102 478 1148 suam
498 1089 587 1140 dividit.
602 1089 632 1140 ut
652 1089 701 1140 ideo
718 1088 762 1140 alia
776 1089 900 1154 crimina,

99 1162 203 1226 quamvis
219 1159 279 1212 fortt
294 1161 340 1212 sint
353 1161 440 1225 majora
457 1161 626 1224 fornicatione,
643 1173 688 1212 nou
705 1165 783 1212 tamen
801 1167 901 1213 causant

98 1233 227 1285 divortium.
244 1233 290 1284 Sed
299 1231 352 1298 quia
364 1231 485 1284 infidelitas
495 1271 502 1295 ,
514 1247 565 1297 quae
580 1232 661 1284 dicitur
674 1233 823 1297 spiritualis
837 1234 899 1296 for·-

98 1306 204 1370 m'ectto,
219 1305 287 1356 etiam
300 1307 336 1356 est
345 1308 423 1356 contra
437 1305 520 1356 tonum
530 1303 680 1367 matrimonii,
696 1305 755 1370 quod
771 1309 806 1356 est
818 1307 898 1370 proles

98 1377 213 1429 educanda
223 1377 252 1428 ad
263 1377 348 1428 cultum
359 1377 407 1442 ilci,
418 1377 487 1428 etiam
499 1377 551 1441 ipsa
571 1375 626 1428 facit
644 1377 766 1428 divertium
772 1414 782 1441 ,
795 1378 836 1428 sed
854 1381 898 1428 ta-

97 1461 150 1498 rneu
162 1448 228 1500 aliter
237 1448 305 1512 quim
318 1448 440 1513 corporalis
456 1449 591 1513 fornicati03
602 1449 656 1513 quia
665 1452 759 1514 propter
768 1461 842 1499 unum
856 1463 897 1502 ac-

96 1525 145 1570 tum
160 1520 316 1572 fornicationis
333 1521 430 1572 carnalis
443 1524 521 1586 potest
535 1520 628 1585 procedi
649 1521 677 1571 ad
696 1519 817 1572 diuortium
825 1555 835 1582 ,
848 1534 897 1572 nou

97 1595 173 1643 auum
185 1597 278 1660 propter
291 1606 362 1644 uuum
376 1598 451 1644 actum
464 1592 618 1654 infidelitatis,
631 1592 673 1643 sed
691 1596 785 1656 propter
796 1604 896 1644 consuc-

97 1663 214 1729 tudinem,
233 1678 283 1730 quae
297 1665 443 1730 pertinaciam
457 1665 571 1728 ostendit,
586 1664 610 1714 iu
624 1677 668 1728 qua
688 1663 812 1715 infidelitas
825 1664 895 1728 porli-

100 1735 166 1786 citur.

130 1807 164 1858 ld
181 1812 286 1872 quartum
304 1809 437 1872 dicendum,
452 1808 512 1875 quta
528 1808 597 1861 ctiam
611 1805 803 1875 propter'vitiunn
814 1812 891 1861 contra

98 1883 200 1930 naturam
216 1883 291 1944 potest
303 1881 395 1945 procedi
414 1881 442 1932 ad
455 1881 592 1944 diuortium5
608 1882 648 1932 sed
665 1884 741 1932 tamen
760 1893 805 1932 non
822 1879 847 1930 lit
861 1880 893 1934 ila

98 1949 185 2001 mentio
198 1951 226 2002 de
236 1953 296 2016 ipso,
311 1955 361 2002 tum
374 1954 428 2017 qnia
439 1957 474 2004 est
486 1952 563 2017 passio
576 1952 761 2016 innominabilis,
776 1956 825 2002 turn
838 1952 891 2016 quia

98 2021 171 2074 rmids
184 2023 282 2088 accidit,
294 2027 343 2076 tum
354 2025 409 2089 quin
420 2036 467 2078 uon
479 2025 512 2077 ita
525 2028 602 2078 causo
615 2024 800 2078 incertitudinem
812 2025 890 2089 prolis.

390 2147 546 2237 surrectus
563 2183 594 2235 11.

128 2313 213 2360 Utrlcm
228 2313 267 2358 cte
286 2313 393 2357 tencatur
411 2314 571 2422 θῗϊρηῖιεοριο
588 2323 687 2358 acorem
700 2311 863 2368 sociaetatem

448 2388 490 2420 rma
512 2387 557 2421 erc.

55 2557 58 2572 ,
128 2505 162 2557 iu
174 2504 298 2555 secuudum
314 2502 348 2554 sic
360 2501 498 2568 proceditur.
513 2499 607 2552 Videtur
621 2499 681 2566 qudd
695 2503 731 2553 nir
742 2504 844 2556 teneatur
858 2517 884 2556 en

94 2579 208 2642 precepto
225 2587 318 2627 uxorem
335 2574 485 2626 fornicantem
499 2572 621 2627 dimittere.
635 2573 674 2625 Vir
691 2575 770 2640 euim,
784 2573 834 2658 cdur
859 2575 886 2628 sit

628 2665 640 2699 0

97 2744 183 2806 doust,
198 2753 281 2802 quest.
304 2745 333 2806 i,
349 2760 402 2807 cop.
424 2748 460 2796 Do
480 2747 626 2804 Beneficio,
642 2749 749 2807 Pelagius
769 2749 882 2806 Pontifex,

97 2810 176 2870 quoad
184 2811 315 2870 septimum,
329 2813 410 2860 Extra
420 2812 449 2861 de
462 2811 587 2864 diuortiis,
595 2824 647 2871 cap.
663 2811 811 2865 condemur,
822 2814 885 2861 Inuo-

98 2873 238 2936 centiuslii,
253 2885 324 2934 propa
339 2874 420 2926 tinem.
