1924 3322
117 125 162 182 ibt
250 143 450 196 substruuntur,
466 146 558 194 cuusr.
575 146 680 198 uxsvru,
696 147 752 186 sur.
769 145 803 184 nr.

406 329 565 382 surrectus
580 331 620 381 lll.

200 455 285 500 Utrum
301 455 333 499 cd
351 456 547 500 resurrectionem
567 456 648 513 anpett
664 457 836 512 spectentur.

127 583 179 642 „dd
194 581 286 633 tertium
298 581 331 632 sic
341 581 477 645 proceditur.
493 582 588 634 Videtur
598 581 659 644 qudd
671 582 734 632 nullo
748 584 858 634 modoad
880 597 914 632 re-

115 653 277 706 surrectionem
300 653 374 716 angeli
396 654 557 717 operabuntur.
578 654 636 714 Quia
654 653 748 717 majoris
769 656 865 706 virtutis
882 661 916 704 est

114 725 233 778 ostensiva
249 725 383 776 resurrectio
398 729 633 788 mortuorumque
652 725 770 788 generatio
788 727 915 776 bominum.

113 799 158 848 Sed
170 797 259 860 quando
272 797 375 849 homines
387 802 533 860 generantur,
544 796 620 864 anime
633 811 677 848 non
690 797 819 850 infunditur
830 797 916 862 corpori

113 867 265 919 mediantibus
286 869 382 931 anguis.
403 869 471 931 Ergo.
482 882 524 920 nec
544 867 696 930 resurrectio,
713 882 764 932 que
781 875 818 920 est
835 871 915 920 iterata

113 939 244 1004 conjunctio
258 939 340 992 anime
356 944 378 990 st
392 940 507 1004 corporis,
521 939 561 990 bet
575 939 702 990 ministerio
720 941 865 1003 augelorum.

145 1015 169 1061 a.
185 1012 311 1074 preterea,
328 1011 347 1061 si
362 1012 391 1062 ad
405 1010 493 1074 aliquos
505 1011 599 1074 angelos
612 1013 656 1061 boc
675 1011 828 1064 ministerium
845 1012 913 1076 perti-

115 1086 184 1142 neat,
200 1081 300 1134 manime
313 1081 402 1133 videtur
415 1083 530 1146 pertinere
542 1084 571 1134 ad
587 1081 697 1144 uirtutes,
710 1095 805 1145 quarum
820 1087 859 1135 est
877 1083 917 1132 nri-

113 1154 190 1205 racula
204 1154 289 1206 iecere.
301 1154 346 1205 Sed
360 1153 393 1204 eis
407 1166 454 1204 nou
465 1152 592 1216 ascribitur,
603 1155 643 1204 sed
654 1154 805 1216 archangelis,
819 1159 847 1206 ut
857 1157 917 1220 patet

113 1230 138 1280 iu
152 1229 227 1280 littera
250 1229 297 1293 (rt
313 1229 383 1280 Seni.
393 1227 412 1292 ).
428 1229 488 1292 Ergo
511 1227 648 1280 resurrectio
663 1241 710 1280 uon
731 1227 772 1278 bet
790 1227 918 1280 ministerio

113 1302 255 1364 augelorum.

144 1373 190 1423 Sed
204 1375 283 1423 costra
296 1375 344 1430 est,
359 1373 419 1436 quod
433 1371 515 1422 dieitur
529 1373 537 1422 l
550 1371 666 1428 Tdessot„
684 1372 724 1432 lV,
743 1372 803 1436 qubd
818 1372 918 1426 «bomi-

114 1458 158 1495 uus
171 1443 195 1494 iu
208 1457 265 1496 nece
281 1444 428 1505 archangeli,
448 1443 610 1494 descendetis
624 1443 697 1504 coelo,
709 1446 732 1494 et
745 1445 832 1494 mortui
841 1459 917 1496 resur-

43 1546 48 1556 ,
113 1519 175 1579 gent
187 1531 202 1564 u
214 1515 275 1580 Ergo
292 1514 426 1567 resurrectio
441 1517 579 1568 mortuorum
591 1514 718 1566 ministerio
737 1516 840 1579 angelico
857 1530 916 1568 eom-

113 1587 221 1650 plenitur.

147 1659 307 1723 (Couunusro.
317 1660 382 1710 -lu
391 1657 558 1710 resurrectione
572 1661 649 1710 utetur
663 1659 723 1710 beas
735 1657 865 1712 ministerio
880 1673 918 1710 sn·

113 1731 214 1793 pelorum
232 1732 257 1780 in
272 1731 309 1781 bis
327 1745 377 1795 quc
392 1730 537 1796 corporaliter
551 1729 601 1780 deri
622 1731 718 1793 debent;
732 1734 843 1794 quautam
865 1732 917 1782 verb

114 1803 142 1853 ad
154 1803 177 1852 id
195 1803 256 1866 quod
269 1804 331 1854 Deus
346 1803 374 1853 de
387 1804 474 1866 integro
488 1803 587 1854 animaru
602 1803 692 1866 corpori
710 1802 775 1853 uniet
787 1815 916 1868 corpusque

113 1873 190 1936 ipsum
206 1875 354 1936 glorificabit,
369 1887 415 1924 non
431 1878 507 1924 utetur
519 1873 588 1938 operi
601 1873 763 1936 augelorum.)

145 1945 281 2008 llespondeo
294 1945 426 2007 dicendum,
435 1945 496 2007 quod
506 1945 565 1998 sicut
576 1945 717 2008 Augustinus
729 1943 785 1995 dicit
798 1944 822 1996 in
838 1949 869 1998 lll
883 1948 915 1996 De

116 2018 182 2068 Teio.
198 2016 263 2080 (rap.
282 2019 294 2066 t
306 2018 332 2078 t,
346 2033 360 2062 u
374 2016 433 2068 sicut
448 2029 543 2080 corpora
557 2017 666 2070 crassiora
686 2020 710 2066 st
724 2017 833 2068 interiora
850 2019 916 2083 (sire

114 2087 256 2147 infirmiore)
270 2101 311 2151 por
326 2086 443 2138 subtiliora
456 2092 480 2138 et
493 2088 621 2150 potentiora
632 2089 730 2152 quodam
744 2088 824 2140 ordiue
835 2103 916 2154 reguu-

113 2163 160 2220 tur,
174 2158 206 2210 ite
218 2158 295 2210 omnia
310 2170 406 2221 corpora
422 2159 553 2220 moraturi
566 2161 613 2210 beo
629 2172 671 2224 per
691 2158 796 2223 spiritum
809 2161 864 2214 ritae
879 2174 917 2210 ra·

112 2230 236 2292 tioualem;
249 2246 264 2278 »
277 2231 301 2280 et
314 2232 357 2280 boc
367 2229 435 2280 etiem
450 2230 572 2296 Gregorius
588 2231 618 2280 tv
636 2230 739 2293 Diuico.
755 2230 838 2293 tangil.
855 2233 917 2284 Unde

113 2302 138 2352 in
152 2301 258 2355 omnibus
269 2313 319 2364 que
333 2299 480 2364 corporaliter
495 2301 509 2352 i
525 2303 571 2354 lieo
587 2302 658 2364 liunt,
671 2302 743 2352 utitur
756 2303 817 2353 Deus
837 2304 915 2354 minis·

112 2373 170 2425 terio
184 2373 324 2437 angelorum.
337 2374 363 2424 lu
377 2373 539 2442 resurrectione
553 2378 629 2423 sutem
644 2377 680 2422 est
694 2369 779 2437 aliquid
796 2377 824 2426 ud
844 2381 915 2426 traus-
950 2363 951 2426 i

113 2445 263 2496 muutiouenr
277 2457 396 2508 corporum
417 2445 545 2510 pertinens,
559 2445 647 2496 scilicet
659 2445 763 2497 collectio
777 2445 881 2498 cinerum
895 2449 916 2495 ct
950 2489 951 2516 ἒ

113 2530 192 2568 eorum
212 2517 346 2582 praeparatio
365 2518 392 2566 ad
414 2519 580 2581 reparationem
601 2517 696 2567 humaui
715 2517 839 2580 corporis:
859 2517 915 2568 urrdc
950 2537 951 2556 r

112 2593 223 2651 quantun
240 2589 324 2640 adbuc
337 2588 362 2642 iu
376 2589 544 2642 resurrectione
563 2592 639 2639 utetur
657 2590 718 2638 oeus
733 2589 860 2640 ministerio
874 2604 916 2640 sn-

114 2658 224 2721 selorum.
243 2659 288 2710 Sed
308 2661 400 2721 anima,
415 2661 475 2712 sicut
494 2658 624 2712 immediate
641 2659 711 2712 ilico
729 2666 805 2710 ereata
825 2665 874 2723 est,
885 2661 914 2710 iu

10 2795 11 2798 Ἴ
112 2729 245 2781 immediate
262 2731 333 2782 ibeo
354 2731 443 2794 corpori
456 2731 538 2784 iteratb
559 2731 663 2788 unietur.
678 2731 729 2782 sine
744 2731 819 2796 ubqua
836 2745 913 2796 opera-

113 2801 177 2852 tione
191 2802 331 2866 angelorum.
346 2802 456 2853 Similiter
473 2803 541 2852 etiam
556 2802 650 2865 gloriam
670 2804 772 2866 corporis
787 2802 839 2868 ipse
853 2803 915 2854 leniet

114 2874 199 2942 absque
209 2875 335 2930 ministerio
350 2875 479 2941 augelorum
488 2913 495 2941 ,
505 2875 564 2926 sicut
577 2880 602 2928 et
615 2875 713 2926 animaru
724 2874 857 2928 immediate
872 2876 914 2942 glo·
