1980 3320
124 219 139 267 l
269 198 473 277 eorumeorurn,
486 227 579 274 oussr.
596 227 646 277 xor,
663 225 718 266 nr.
736 228 762 265 rr.

123 301 289 370 ergo'iurliuat
306 307 387 354 natura
405 303 505 356 hominis
521 316 550 356 ex
565 307 630 368 parte
650 301 798 366 lilloreutiu,
811 301 922 368 quantiam

124 375 152 425 al
167 375 277 427 rationem
287 375 409 426 seeundum
419 375 557 439 assignatam
567 391 574 438 3
585 376 646 426 unde
654 374 809 439 Philosophus
819 373 922 437 (otoo,

125 447 194 508 vlh,
212 449 268 508 lt),
281 449 340 496 hauc
356 445 467 496 rationem
485 446 628 509 assignatio
646 443 778 497 hominihus
796 443 864 508 suprl
881 443 927 495 alla

126 515 242 566 animalia.
260 517 306 566 Sel
320 517 429 582 quanthm
441 519 468 568 al
482 517 593 568 rationem
602 517 707 582 ommam,
721 515 927 579 inolimtexparte

126 588 234 651 generie3
250 589 311 640 unde
324 589 450 652 dicitquod
464 607 478 637 <r
494 589 591 640 liliorum
605 589 731 654 procreatio
744 586 871 639 communis
892 589 929 638 est

125 659 232 710 omuibus
248 659 393 710 animalibus.
413 677 427 708 u
452 661 538 712 Tamen
557 661 586 710 ad
605 662 649 711 hoo
668 671 716 711 nou
733 658 829 708 inclinat
846 663 929 709 natura

126 731 206 782 eodem
227 732 294 782 modo
308 732 333 782 irr
348 732 452 784 omnihus
467 733 617 798 animalibus,
632 731 685 796 quia
703 731 806 796 qualum
820 729 927 780 animalia

126 806 193 862 sunt,
207 815 302 866 quorum
316 804 358 854 tilii
372 805 419 854 nati
430 804 507 855 statim
518 809 616 868 possum
631 802 772 854 sullmentor
784 802 829 852 sihi
841 799 928 852 motum

126 885 240 938 quarere,
255 875 292 924 vel
313 875 342 925 ad
357 888 452 940 quorum
468 875 658 926 sustentationem
668 877 740 924 mator
757 873 854 935 sufficit,
867 877 891 925 et
902 873 927 924 iu

127 944 165 995 his
187 957 232 997 noo
253 950 288 996 est
302 946 378 1010 aliqua
398 947 467 998 maris
481 947 508 998 ει
522 945 638 997 faeminam
659 943 826 997 determinatio,
838 945 868 994 ln
883 944 929 996 ilis

129 1019 204 1066 autom
217 1031 312 1080 quorum
329 1017 369 1068 lilii
387 1018 491 1084 indigent
509 1019 626 1083 utriusque
641 1015 825 1078 sustentatione,
843 1017 885 1070 sed
899 1015 929 1068 aul

127 1098 223 1150 parvum
241 1091 346 1152 minoas,
365 1089 483 1140 inuenitur
504 1090 580 1154 aliqua
598 1088 756 1140 denominatio
772 1087 882 1151 qrrantlrm
900 1087 929 1138 ad

129 1162 220 1224 tempus
229 1159 299 1223 illud3
311 1160 370 1212 siout
379 1161 404 1211 iu
415 1161 642 1226 avitasquihuslam
651 1163 722 1226 patet.
735 1161 781 1212 Sol
790 1161 815 1210 iu
825 1159 928 1220 homino,

128 1229 183 1296 quia
197 1231 285 1296 indiget
302 1233 362 1283 filins
373 1233 427 1285 ouri
440 1237 560 1298 pareutum
573 1233 686 1298 usquead
704 1245 811 1297 maguum
825 1235 929 1296 empus,

109 1318 113 1324 ·
129 1305 165 1352 εει
178 1302 282 1377 maxima
286 1303 447 1356 determinatio
461 1304 556 1356 namuh
566 1305 594 1356 ad
605 1303 728 1368 seminam,
739 1305 766 1355 al
777 1315 847 1368 quom
857 1303 930 1354 etiam

129 1375 211 1423 nutura
223 1362 315 1438 generis
327 1373 432 1426 inclinat

160 1445 195 1494 hl
213 1445 338 1496 secuudum
360 1447 497 1512 dicendum,
515 1448 576 1512 quod
592 1447 686 1499 uerbum
703 1446 772 1497 'lollii
788 1449 864 1510 potest
880 1459 931 1498 esse

121 1525 209 1566 ¹uterum
221 1516 330 1580 quanlirm
343 1519 370 1568 ad
381 1516 477 1582 aliquam
492 1523 598 1583 gentem,
612 1520 632 1571 si
643 1522 720 1570 lamen
729 1517 855 1580 aooipiatur
866 1516 930 1582 prin-

130 1584 214 1651 cipium
224 1587 352 1650 proximum
366 1587 429 1639 illins
441 1589 530 1652 gentis,
542 1603 583 1654 per
596 1590 656 1655 quod
669 1590 697 1640 ah
711 1589 761 1638 aliis
774 1587 880 1652 gentihus
893 1591 931 1640 est

129 1655 255 1721 distinota3
270 1657 325 1723 quia
343 1671 389 1710 non
400 1659 424 1708 irr
441 1661 548 1711 omnihus
560 1659 691 1726 perluatur
703 1660 732 1712 sd
745 1659 852 1710 ellectum
865 1658 891 1708 ιι
900 1657 930 1708 ad

129 1729 190 1792 quoi
209 1730 317 1780 naturalis
335 1730 393 1782 ratio
413 1731 517 1782 inclinat.
531 1733 582 1784 Nou
603 1736 678 1783 autem
691 1735 726 1783 est
743 1741 821 1782 reram
838 1728 932 1780 unirer·

130 1800 217 1863 naliter,
232 1801 285 1863 quia
303 1800 316 1851 'a
329 1803 443 1868 principio
456 1804 550 1854 humaui
566 1804 665 1868 generis,
680 1813 743 1853 saort
760 1801 878 1865 Soripturu
888 1811 929 1854 rt·

130 1869 187 1920 citat
197 1869 267 1920 luisse
281 1871 395 1936 uouJugia.

164 1943 196 1992 hd
217 1941 309 1991 tertium
329 1943 552 2008 dicendumquhl,
571 1943 696 1996 secuurlhm
710 1944 888 2008 Philosophum,
909 1940 934 1991 in

130 2012 181 2064 Vll.
199 2013 293 2070 little..
310 2029 324 2062 u
343 2019 424 2066 natura
437 2017 537 2067 humana
557 2028 603 2066 nou
620 2019 656 2066 est
671 2015 806 2078 immobilis,
818 2014 879 2065 siout
892 2012 934 2064 oi·

130 2083 194 2134 rina.
208 2099 222 2130 u
235 2083 263 2133 st
278 2083 330 2136 ideo
344 2085 526 2137 diversificantur
538 2100 564 2138 ea
578 2099 630 2150 que
651 2089 704 2138 sunt
715 2086 744 2137 de
755 2087 808 2150 jure
823 2083 933 2146 naturali,

132 2155 257 2206 secundum
275 2156 376 2208 diversos
391 2161 465 2210 status
478 2163 502 2209 et
519 2158 662 2210 conditiones
678 2157 812 2220 hominum,
827 2154 933 2220 quamvis

130 2239 158 2278 ea
169 2239 220 2291 qus
229 2231 283 2278 suut
291 2227 316 2278 in
327 2229 395 2280 relius
409 2229 500 2293 divinis,
514 2229 648 2280 naturaliter
658 2228 719 2278 nullo
728 2228 795 2278 molo
806 2226 933 2277 varientur.

164 2300 198 2348 hl
218 2303 322 2363 quartum
342 2300 555 2364 dicendum,un
574 2303 653 2350 natura
670 2312 717 2350 non
735 2296 823 2348 tauthm
836 2296 935 2348 intenuit

131 2369 221 2420 esseio
243 2371 322 2435 prole,
333 2371 374 2422 εει
398 2372 467 2423 etiam
485 2371 611 2436 perieulum
628 2385 694 2434 eose,·
709 2370 736 2421 ml
753 2369 814 2434 quod
834 2366 933 2434 exigitur

132 2441 315 2508 matrimonium,
330 2447 356 2494 ut
368 2455 398 2495 ex
412 2443 480 2496 dietis
492 2446 564 2509 patet.

425 2622 585 2674 atticotos
599 2622 630 2674 ll.

270 2745 355 2792 Uirium
363 2747 546 2792 matrimonium
556 2745 626 2791 cudat
635 2745 677 2790 suh
686 2745 808 2806 precepto.

164 2872 198 2922 hd
219 2872 343 2924 secundam
362 2871 395 2924 sic
412 2871 548 2937 proceditur
567 2869 663 2920 vitetur
682 2869 743 2933 quod
764 2845 962 2918 matrimonium

134 2943 208 2996 adhue
219 2949 309 2995 maneat
318 2944 360 2996 suh
376 2946 501 3008 precepto
512 2939 570 3001 Quia
583 2943 723 3004 prereptum
732 2937 815 3003 otheri
824 2933 961 3004 quantita
