1936 3306
103 173 150 226 2⁵4
246 185 443 237 eunomium,
458 185 551 232 onmes.
570 186 635 237 unx,
649 185 706 228 tna.
722 159 766 226 nu]

105 263 230 315 debehatur
245 275 312 328 poema
329 262 459 327 temporalis
479 262 504 312 in
518 261 589 313 limbo
608 263 717 325 Patrem,
737 265 764 316 et
779 265 864 316 emma
881 265 911 316 in

103 334 174 388 lmou
188 347 320 400 pnenomm.
336 333 363 386 Si
375 347 430 396 engo
446 333 552 386 inienuus
570 337 595 386 et
613 333 771 399 purgatorium
788 346 836 386 non
853 340 910 388 sunt

101 407 179 468 idem,
192 407 282 458 videtne
301 406 363 472 quod
378 419 421 458 nee
436 405 520 458 limina
533 417 654 471 pnenonum
677 409 702 457 et
713 407 797 459 limbus
813 407 911 461 Patrem

103 477 151 531 sint
164 480 234 530 idem

42 559 71 620 J
140 553 299 614 (concussio.
307 579 339 595 -
347 550 404 603 Cium
416 551 495 617 uaeris
508 550 534 602 in
545 550 616 602 limbo
624 551 688 602 nulle
700 551 761 602 sonu
770 565 825 616 spes
833 552 913 604 beatae

102 623 170 687 sitae,
188 637 241 688 qnae
254 623 360 676 Patribus
370 624 449 675 ademi
461 623 573 688 qualitate
586 622 674 687 premi
687 627 711 674 et
726 637 811 687 omne,
823 623 912 678 limbus

103 710 225 762 puerorum
247 695 348 750 uideret
366 695 437 748 limbo
455 697 565 758 Pelium,
578 708 624 746 nnn
644 699 721 748 antam
734 695 797 758 situ,
812 695 860 748 etsi
874 709 912 748 ne-

103 769 170 834 quies
181 770 299 820 beatorum
314 768 406 820 Petrum
418 767 444 818 io
459 767 572 832 nnpmiori
581 768 634 818 loeo
643 780 697 820 esse
710 767 823 820 caedatur.
836 767 847 830 )

135 840 270 904 despondeo
283 839 419 900 dicendum,
434 839 496 904 quod
507 839 593 890 limbus
602 839 694 890 Petrum
708 843 733 890 et
750 839 835 890 limbus
848 853 910 905 pne-

104 927 181 965 nonum
201 912 286 976 absque
310 911 377 963 dulnio
394 911 517 972 differunt,
531 909 656 962 seonudinm
670 911 808 975 qualitatem·
818 914 913 976 premii

47 1030 62 1046 „s
104 985 142 1036 nel
153 997 227 1048 poenae
238 982 326 1046 :nutris
339 982 401 1034 enim
413 983 537 1050 monadem
548 995 601 1052 spes
614 981 687 1034 beate
697 982 761 1054 nite,
772 995 823 1046 qne
835 985 913 1036 Patri-

105 1058 149 1108 bus
164 1055 190 1106 in
201 1055 272 1106 limbo
287 1056 384 1115 suumn,
399 1055 425 1106 in
441 1054 523 1117 quilius
541 1049 611 1104 etiam
628 1054 707 1105 lumen
727 1053 781 1104 fidei
794 1058 818 1104 et
830 1057 913 1118 gratim

104 1127 240 1191 refulgebat.
254 1127 299 1178 Sed
309 1129 419 1190 quantum
430 1127 459 1177 ed
470 1126 558 1188 situm,
573 1125 719 1190 probabiliter
731 1126 832 1177 ereditur
845 1130 913 1180 utro-

105 1211 201 1266 rumque
214 1199 279 1250 loeus
287 1197 350 1250 idem
365 1197 454 1262 suissm
466 1197 513 1250 nisi
525 1199 585 1262 qnod
600 1202 623 1248 et
634 1197 727 1261 nequies
735 1197 858 1250 bealorum
866 1200 911 1252 Pae

104 1275 164 1322 trum
178 1272 254 1322 udlnne
266 1273 316 1322 emt
327 1269 474 1334 insuperiori
489 1270 542 1321 loeo
551 1269 618 1334 quam
633 1269 718 1320 limbus
728 1281 866 1334 onerosum,
879 1271 914 1322 si-

105 1348 146 1394 eut
158 1344 187 1394 de
199 1343 270 1394 limos
285 1345 309 1393 et
321 1341 411 1397 inlemo
427 1341 514 1393 dietum
527 1346 571 1392 eat.

136 1417 170 1466 ld
181 1414 281 1480 primum
293 1426 348 1476 engo
355 1413 487 1475 dicendum,
497 1414 557 1476 qnod
569 1413 598 1464 ad
610 1413 702 1479 onlnem
712 1412 848 1476 originalem
862 1428 914 1467 uon
965 1439 966 1468 ;

105 1486 266 1539 eodemmodo
284 1497 309 1536 sa
327 1486 441 1536 habehant
454 1487 534 1536 Patres
556 1490 579 1536 et
592 1486 666 1551 pueri.
685 1487 712 1538 io
728 1485 834 1536 Patribus
847 1487 914 1540 enim
965 1471 966 1540 l

104 1556 222 1621 originalis
239 1559 307 1622 eulpa
321 1556 413 1620 expiata
431 1559 494 1618 emt,
508 1557 633 1610 secundine
646 1556 706 1621 quod
729 1561 777 1609 emt
798 1557 914 1612 inleolina
965 1541 966 1617 l

104 1629 459 1694 personm31emanebattamen
476 1627 665 1694 impedimentum
681 1642 711 1680 es
724 1631 787 1694 uuile
805 1631 913 1694 nature,

105 1715 146 1766 pro
163 1715 208 1764 qna
223 1702 325 1752 nondum
342 1703 392 1752 erat
408 1700 550 1752 setislaetnm
563 1700 675 1764 plenarie.
686 1702 729 1752 Sed
740 1701 765 1752 iu
778 1700 858 1766 pueris
873 1708 914 1754 est

105 1772 295 1836 impedimentum
313 1774 338 1822 et
352 1785 381 1824 ei
396 1775 460 1836 pente
475 1785 579 1836 mimum
593 1775 617 1823 et
636 1786 666 1824 ex
680 1776 744 1837 parte
759 1776 869 1824 nature:
886 1779 915 1826 el

105 1843 156 1896 ideu
169 1842 245 1908 pneris
266 1846 290 1893 et
305 1842 412 1894 Patribus
426 1843 516 1894 diversa
536 1845 677 1908 receptacula
691 1844 845 1907 assignentur.

138 1915 170 1966 ld
185 1914 311 1964 seeundum
323 1914 464 1978 dicendum,
476 1915 537 1979 qudd
549 1914 691 1982 Augustinus
701 1915 801 1980 loquitur
812 1917 840 1967 de
856 1931 912 1982 pm-
964 1941 965 1980 1

106 1987 143 2037 nis
158 2000 209 2051 que
224 1987 335 2038 delentur
345 1986 413 2037 alieni
427 1987 515 2038 ratione
531 1999 634 2051 personae
647 2000 713 2050 sue,
726 1987 786 2039 inter
801 1990 914 2052 quusmi·

106 2058 219 2113 tissimum
228 2071 319 2124 omnam
334 2059 418 2110 uatem
428 2058 468 2122 qni
482 2058 530 2108 sole
546 2058 652 2122 originali
665 2063 759 2124 peecata
772 2063 912 2126 gravantium

106 2130 147 2182 sed
160 2130 234 2180 adhue
248 2132 283 2180 est
296 2129 373 2180 mitior
384 2143 451 2194 poena
465 2143 543 2181 eorum
554 2143 612 2194 quos
625 2143 671 2181 non
684 2129 801 2194 impediti
812 2143 912 2197 pereep-
964 2161 965 2196 3

106 2202 171 2256 tinae
180 2201 257 2266 gloria
269 2202 371 2254 delentis
388 2215 508 2266 personae,
520 2202 562 2256 sed
575 2200 648 2254 somn
661 2201 764 2256 delectus
772 2205 873 2269 mutuum,
884 2209 911 2256 ut
964 2201 965 2218 ¹

106 2271 158 2338 ipsa
170 2271 248 2326 dilatio
264 2271 342 2338 alonim
354 2273 459 2338 quedam
469 2285 538 2338 poena
549 2273 646 2326 dinatus.

394 2450 555 2504 ensiculus
569 2449 621 2505 Vll.

245 2577 330 2624 Uirium
337 2577 551 2636 manutenuit
560 2577 771 2634 postmultum

141 2703 175 2754 ld
192 2701 315 2767 septimum
325 2704 359 2756 sie
367 2702 510 2769 pnoeedtur.
517 2703 613 2754 Videtur
621 2703 683 2770 qnid
695 2704 851 2768 purgatorium
865 2719 911 2759 non

1 2841 2 2844 Ἴ
108 2775 139 2825 sit
160 2777 214 2838 post
236 2775 295 2826 hene
307 2775 388 2828 sitnm.
407 2776 510 2841 Apuani.
525 2774 586 2830 enim
605 2777 671 2839 lilii,
694 2775 777 2828 dieitur
794 2791 801 2827 a
818 2779 910 2832 «Beati

1 2867 2 2890 ;
109 2843 193 2896 mortui
209 2844 248 2908 qui
263 2846 288 2896 in
302 2847 397 2900 Domino
413 2847 538 2898 moriuntur
554 2861 561 2898 t
576 2846 590 2898 l
607 2848 674 2902 modo
689 2847 751 2911 jam,
766 2847 821 2898 diuit
839 2850 911 2914 Spini-

1 2945 2 2994 }
109 2920 164 2980 tus,
180 2915 504 2982 utmammntltaiusiim
518 2917 910 2984 suisnlimonisquiinilominn
