2030 3330
124 172 169 224 22⁰
269 183 469 234 sparnacensem,
483 181 577 230 oomsr.
593 182 661 235 arra,
677 181 732 222 nar.
748 183 774 222 rr.

123 262 369 324 aerumnosarum,
382 261 601 326 neapotestmulier
615 259 720 325 enipeum
735 259 755 310 si
770 270 825 310 varo
837 257 924 310 illicita
1008 273 1009 276 ¹

125 339 175 396 est,
190 335 244 383 tunc
257 336 354 398 peceat,
369 337 392 384 et
404 327 522 398 peceatum
535 332 624 396 uxoris,
641 331 661 381 si
673 335 766 396 propter
777 332 822 382 hoo
833 330 858 383 in
873 328 925 381 ior-

126 403 261 455 nioationem
275 401 379 468 labatur,
395 401 470 468 aliquo
485 403 551 455 modo
565 402 609 454 sibi
621 403 756 467 imputatur.
770 403 799 452 at
814 401 866 453 ideo
880 402 926 453 de-

125 477 178 535 bet,
193 474 301 540 quantdm
313 479 404 540 potest,
417 476 470 526 dare
486 488 577 540 operam
591 479 617 527 ui
629 485 686 525 uxor
700 473 824 526 contineat.

156 548 191 598 nd
206 549 311 611 quartum
329 547 464 609 dicendum,
483 546 545 612 qnod
562 547 625 611 lepra
646 545 714 598 soluit
730 545 863 610 sponsalia,
882 546 927 597 sed
1008 569 1009 574 κ

127 632 173 670 non
192 618 371 670 matrimonium.
386 621 449 670 Unde
470 632 527 671 uror
543 619 592 670 viro
610 619 700 684 leproso
719 620 809 668 tenetm
827 618 928 670 reddere
1008 633 1009 666 i

127 691 227 743 debitum
237 729 243 755 ‚
254 705 300 744 non
316 696 395 744 tamen
406 694 499 743 tenetm
512 691 639 742 cohabitare
649 707 656 754 3
667 690 776 755 quianon
788 689 822 741 ita
835 690 881 740 cito
895 689 934 740 ia·
1008 683 1009 698 ³

128 763 203 817 ficitur
215 776 244 814 ex
257 763 333 826 coitu,
345 764 406 815 sicut
420 778 448 816 ex
464 763 577 829 frequenti
590 762 764 815 cohabitatione.
778 763 808 812 Et
824 762 933 826 quamms

127 835 203 898 proles
216 840 337 900 generetur
350 831 453 902 infirma,
467 838 544 886 tamen
557 834 640 886 meiius
651 836 689 884 est
701 832 724 886 ei
737 833 770 886 sic
783 847 834 886 esse
841 869 850 899 ,
861 833 933 899 quim

127 907 220 972 penitus
233 920 279 960 non
293 919 352 960 osse.

422 1011 584 1067 radicantis
598 1015 627 1065 11.

162 1140 247 1188 Uirium
265 1140 304 1187 uir
318 1143 428 1186 teneatur
436 1141 540 1186 deditum
550 1139 646 1186 reddere
657 1138 729 1184 oxori
739 1149 788 1184 nors
800 1138 900 1196 petenti.

162 1263 196 1313 nd
209 1264 332 1314 secundum
343 1261 375 1315 sic
388 1263 527 1328 proceditur.
540 1261 635 1314 Videtur
648 1261 707 1326 quod
722 1261 758 1312 uir
767 1275 814 1313 non
822 1263 935 1314 teneatur
1008 1275 1009 1286 ¹

130 1333 231 1384 debitum
245 1333 340 1386 reddere
353 1335 419 1386 uxori
429 1347 476 1386 non
491 1333 587 1398 petenti.
597 1334 740 1398 Preceptum
752 1333 813 1384 enim
827 1333 930 1384 adfirma-

130 1403 203 1456 tirum
218 1419 265 1458 non
278 1404 362 1470 obligat
380 1405 425 1456 nisi
438 1407 466 1456 ad
475 1408 567 1470 tempus
578 1403 762 1456 determinatum.
778 1404 825 1454 iisd
839 1407 934 1468 tempus

130 1475 305 1530 determinatum
326 1477 444 1530 solutionis
466 1475 537 1528 debiti
551 1490 597 1528 non
613 1479 755 1542 potestesse
771 1475 816 1526 nisi
837 1476 931 1540 quando

130 1549 223 1614 petitur.
238 1551 298 1614 Ergo
312 1549 367 1601 alias
381 1550 470 1601 soluere
484 1561 531 1600 non
542 1551 643 1600 tenetm.

163 1625 187 1672 a,
202 1620 327 1685 Praeterea,
339 1638 354 1671 u
363 1623 390 1674 de
404 1621 506 1685 quolibet
520 1621 629 1689 debemus
645 1633 783 1687 presumere
797 1618 900 1672 meliora.
912 1637 931 1670 u

133 1692 272 1764 Sedmeliius
287 1698 338 1757 ost,
350 1694 421 1745 etiam
434 1691 579 1757 conjugibus,
593 1693 707 1746 continere
714 1729 723 1760 ,
733 1691 802 1756 quam
814 1691 933 1743 matrimo-

134 1764 173 1816 nio
184 1764 225 1814 nti.
239 1765 312 1829 Ergo,
327 1765 371 1818 nisi
384 1764 491 1830 expresse
502 1762 603 1816 debitum
616 1768 696 1829 petat,
716 1764 783 1814 debet
796 1763 831 1814 uir
839 1776 930 1826 presa·

134 1848 195 1886 mere
209 1835 270 1900 qudd
283 1837 305 1888 ei
317 1837 405 1902 placeat
414 1835 544 1900 continere;
555 1841 578 1888 et
592 1835 625 1887 sic
637 1849 683 1888 non
693 1838 784 1888 tanaim
795 1833 897 1886 debitum
910 1834 938 1886 ei

133 1907 235 1958 reddere.

165 1982 189 2028 a.
199 1979 320 2039 Praeterea,
336 1977 395 2030 sicut
405 1992 462 2031 uxor
476 1977 545 2030 babet
558 1981 696 2044 potestatem
707 1978 732 2030 in
745 1979 833 2043 virum,
843 1977 877 2030 ita
891 1975 934 2030 do·

134 2047 211 2100 minus
225 2045 248 2100 in
258 2062 359 2102 servum.
370 2049 416 2100 Sed
425 2063 503 2100 servus
514 2063 560 2101 non
570 2052 660 2102 tenetur
670 2050 762 2103 domino
772 2051 871 2114 servire3
882 2049 931 2102 nisi

133 2121 223 2185 quando
239 2121 282 2171 sibi
302 2121 330 2172 ab
345 2119 395 2186 ipso
418 2121 549 2186 imperatur.
571 2123 632 2187 Ergo
649 2135 691 2173 nec
710 2122 746 2172 uir
761 2123 852 2172 tenetur
865 2122 933 2189 uxori

34 2237 36 2245 .
132 2191 226 2244 reddere
235 2193 350 2256 debitum,
361 2192 405 2244 nisi
415 2193 505 2256 quando
519 2193 547 2244 ab
561 2206 588 2246 ea
599 2193 703 2258 origitur.

164 2268 187 2318 t.
202 2269 334 2330 Praeterea,
349 2266 385 2318 uir
404 2269 480 2330 potest
496 2267 617 2334 aliquando
630 2281 724 2321 uxorem
738 2267 866 2332 exigentem
879 2279 932 2332 pro-
980 2307 985 2318 .

132 2336 196 2390 cibus
220 2341 324 2392 avartme
344 2351 373 2389 ue
390 2337 474 2402 exigat.
498 2339 576 2404 argo,
590 2341 661 2393 multo
682 2339 772 2404 magis,
787 2341 862 2404 potest
885 2352 933 2391 non

132 2409 241 2472 reddere,
255 2410 275 2460 si
289 2422 335 2462 non
347 2409 431 2476 exigat.

163 2483 209 2534 Sed
222 2485 317 2540 contra,
330 2481 456 2534 redditione
465 2483 535 2536 debiti
548 2483 734 2536 medicamentum
744 2486 866 2548 prestatur
879 2495 933 2533 con·

132 2555 167 2602 tra
189 2553 269 2606 uxoris.
290 2553 507 2618 concupiscentiam.
532 2555 578 2606 Sed
599 2555 700 2607 medicus
717 2555 755 2606 oui
772 2554 876 2606 infirmus
898 2559 935 2606 est

133 2625 282 2689 commissus,
297 2629 388 2678 tenetm
401 2627 480 2678 morbo
493 2626 544 2690 ejus
556 2625 692 2687 subvenire,
705 2627 773 2678 etiam
786 2627 806 2676 si
820 2626 871 2690 ipso
885 2639 938 2684 non,

134 2699 205 2759 petat.
222 2696 325 2761 Errorir
335 2698 401 2749 uxori
412 2711 458 2750 non
473 2698 768 2762 petentiteneturdebitum
783 2697 886 2748 reddere.

166 2769 291 2831 Praeterea,
304 2769 410 2837 prelatus
427 2772 519 2821 tenetur
535 2769 683 2822 correctionis
706 2769 833 2822 remedium
849 2773 933 2821 ‘contra

134 2846 254 2906 peccatum
274 2843 415 2895 subditorum
432 2842 555 2908 adbibere,
573 2843 643 2894 etiam
664 2843 699 2894 eis
718 2841 933 2894 contradicentibus.

135 2913 180 2967 Sed
192 2917 289 2971 redditio
301 2917 371 2972 debiti
384 2920 419 2970 est
433 2916 516 2970 inabo
528 2915 630 2972 ordinata
643 2922 722 2974 eontra
739 2919 832 2983 pemata
846 2915 935 2970 uxoris.
