1946 3318
193 136 225 172 nn
241 133 423 174 muneraturus
438 134 635 185 nnsnusnrrrrun,
653 134 707 173 nac.
804 125 851 173 tit

66 213 117 266 Sed
127 215 225 264 annua:
235 211 360 262 mdddalia
370 209 582 274 magis'depeudent
589 223 616 262 en
627 223 669 260 sua
679 211 772 262 materia
782 211 849 276 quim

40 283 170 338 naturalis.
179 283 226 334 Sed
242 283 267 332 in
280 281 446 343 artificialibus,
456 282 485 332 ad
498 283 542 332 hoc
558 281 619 346 qudd
630 283 691 334 idem
707 282 852 334 artitlcialmn

43 371 72 409 ex
86 357 173 408 eadem
186 354 282 405 materia
295 356 425 418 reparetur,
438 366 484 404 non
503 356 593 418 oportet
610 353 671 417 qnid
688 357 764 418 perles
787 355 856 406 redu-

43 432 129 480 cantur
147 427 295 478 adeundam
311 426 389 476 situm.
411 427 471 490 Eupo
489 439 532 478 nec
545 424 573 475 in
585 426 677 476 homine
689 429 786 490 oportet.

75 503 210 562 Praetmm,
221 497 318 549 variatio
331 499 456 550 amidentis
470 511 517 549 nou
533 497 589 548 lacit
602 497 758 548 diversitatem
770 497 796 550 in
810 511 855 550 nn·
909 511 911 517 ⁴

43 585 120 624 mero.
137 571 184 622 Sed
194 570 251 620 situs
262 569 361 639 partium
375 575 410 620 est
428 571 532 621 accidens
549 569 671 633 quoddam.
687 569 749 633 Ergo
760 569 855 623 dirersi-

44 649 82 694 tas
97 643 152 706 aius
164 641 293 692 innomine
309 655 356 692 nnn
366 641 422 692 lacit
435 641 589 693 diversitatem
601 642 626 692 in
639 653 743 693 numero.

89 715 238 766 commosin.
248 739 279 752 ·-·
291 711 355 764 Licet
368 713 488 764 translatio
502 712 601 764 materie
612 715 640 763 dc
652 715 717 778 parte
725 713 749 763 in
765 716 854 778 parton

47 787 155 851 ejusdem
173 783 277 849 speciei,
296 783 437 834 identitatem
450 783 520 834 totius
535 796 581 834 non
597 784 678 847 tollat,
699 783 853 838 verisimiliter

48 861 132 908 lernen
146 856 245 909 meditus
255 855 281 906 in
289 855 457 907 resomectione
467 853 562 909 hunmni
571 856 675 920 corporis
688 857 793 908 eumdem
803 857 852 908 lore

48 929 138 992 nitunt,
151 929 191 992 qni
205 929 232 980 in
253 927 402 980 dismlntione
420 927 478 993 luit3
493 927 592 980 maxime
609 928 718 994 quantum
733 934 762 981 ad
774 934 853 996 partes

49 999 187 1052 essentiales
201 1005 223 1050 et
241 999 377 1064 organicas.)
650 1063 653 1068 Ι

83 1071 224 1136 Respondeo
240 1071 375 1134 meandum,
386 1071 447 1134 qood
456 1069 482 1122 in
491 1073 535 1125 lsac
551 1072 679 1136 quastione
689 1071 766 1124 didere
780 1074 856 1125 consi-

49 1144 132 1194 derare
152 1142 207 1206 quid
226 1141 274 1192 llari
292 1142 365 1206 possit
382 1142 433 1193 sine
450 1143 578 1193 identitatis
593 1142 741 1207 prejudicio,
756 1148 779 1194 et
799 1145 855 1209 qnid

48 1216 92 1266 tlct
106 1217 133 1263 ut
146 1214 296 1278 congruentia
310 1219 422 1265 serretur.
438 1216 550 1274 Quantum
562 1216 590 1265 ad
607 1217 721 1279 primum,
738 1217 855 1267 sciendum

47 1293 87 1338 est
106 1284 168 1349 quid
184 1285 313 1336 innomine
329 1285 507 1350 possuntaccipi
517 1288 612 1338 diuersa
624 1289 700 1360 partes
717 1286 853 1350 dupliciter:

47 1371 100 1408 uno
119 1357 201 1417 modo,
214 1355 308 1408 diverse
328 1361 404 1421 parles
422 1357 493 1408 totiuus
510 1357 663 1422 homogeuei,
678 1358 739 1408 sicul
760 1357 855 1410 disens

48 1434 131 1495 partes
151 1428 223 1480 carnis
243 1429 280 1480 uel
299 1429 396 1481 diverse
412 1432 488 1494 partes
510 1429 584 1492 ossis3
601 1430 645 1480 alio
666 1431 745 1496 modo,
760 1431 864 1482 diuersae*

48 1505 132 1566 partes
152 1499 438 1564 divensiumspecieuum
456 1501 527 1552 totius
543 1501 688 1564 heterogenei
698 1538 704 1563 ,
716 1501 775 1552 sicut
793 1515 819 1554 os
833 1505 857 1554 et

50 1587 117 1624 caro.
133 1571 158 1620 Si
171 1584 225 1634 ergo
234 1571 323 1623 dicatur
333 1572 394 1636 quid
407 1586 461 1637 pars
474 1573 576 1624 materie
587 1574 672 1623 redibit
683 1573 710 1622 nd
721 1574 790 1623 aliam
799 1587 854 1638 par-

50 1641 201 1706 tem‘speciei
215 1642 333 1706 ciusdem,
351 1643 395 1694 hoc
408 1643 464 1694 non'
474 1645 543 1695 iactet
557 1643 692 1695 variantem
705 1642 751 1694 nisi
766 1643 792 1693 in
808 1646 856 1696 situ

51 1715 171 1780 partium
186 1713 243 1764 silus
258 1718 332 1764 eutem
346 1715 443 1780 partium
455 1716 556 1766 variatas
569 1729 615 1767 non
628 1715 702 1765 uariat
715 1715 816 1784 speciem
829 1715 855 1768 iu

51 1787 110 1837 totis
119 1783 276 1848 nonogenes,
287 1789 310 1835 et
321 1785 354 1836 sic
362 1786 382 1836 si
390 1787 483 1837 materia
495 1787 642 1851 uuiuspartis
651 1787 764 1837 redealad
776 1787 854 1850 aliam,

54 1858 142 1910 nudem
160 1856 316 1921 prejudicium
330 1859 474 1922 generabitur
483 1859 597 1910 identitati
612 1853 689 1909 totius.
700 1859 729 1909 Et
738 1859 769 1910 ita
785 1861 856 1912 etiam

55 1927 125 1980 estin
144 1927 250 1990 exemplo
266 1929 327 1992 quod
337 1929 429 1994 ponitur
446 1929 470 1980 in
481 1930 557 1981 littere
569 1929 628 1995 (Ν.
649 1931 758 1980 sentent.
768 1931 787 1994 ),
803 1931 858 1999 quia
944 1927 947 1938 ⁴

52 1989 129 2052 slatus
140 1997 256 2049 uon'redtt
270 1997 349 2050 eadem
364 2013 459 2052 numero
473 2001 598 2058 secuuddrn
609 2003 714 2068 turmam,
723 2003 764 2052 scd
776 2014 858 2053 secun·

52 2071 109 2122 dim
123 2071 255 2135 materiam,
268 2071 392 2122 mounddm
408 2085 476 2138 quam
493 2078 530 2124 est
542 2074 668 2124 sulcanda
687 2075 807 2137 quadam3
824 2071 859 2123 sio

52 2148 131 2194 aaran
142 2146 216 2194 salua
230 2147 265 2194 est
278 2145 420 2208 homngeaea
430 2183 436 2206 ,
448 2146 552 2208 quamvis
564 2157 611 2196 non
625 2146 749 2197 secunddm
762 2145 859 2196 leimam

53 2214 207 2266 amiticialem.
223 2214 246 2264 Si
268 2219 344 2266 aulem
359 2215 446 2266 dicatur
458 2216 518 2281 qudd
533 2217 709 2268 maculamini
719 2216 791 2281 partis
800 2215 860 2266 redit

53 2287 85 2336 ad
95 2285 260 2348 allampartem
272 2287 365 2336 alterius
375 2288 471 2351 speciei,
477 2289 510 2340 sic
519 2289 547 2338 de
557 2289 693 2340 necessitate
703 2286 802 2337 variatur
810 2297 858 2336 non

54 2355 132 2409 solium
152 2355 209 2406 situs
228 2357 340 2420 partium,
356 2359 395 2418 sed
414 2360 482 2411 etiam
497 2361 605 2411 identitas
620 2373 713 2422 earum3
730 2358 761 2408 ita
781 2355 859 2410 tamen

55 2428 119 2488 quod
134 2429 181 2478 tola
199 2428 310 2490 materia,
325 2433 364 2480 aut
379 2429 463 2494 aliquid
480 2432 538 2494 quod
550 2433 598 2480 eret
610 2431 637 2480 de
646 2431 741 2481 veniale
752 2431 858 2481 humana

56 2503 147 2557 natura
162 2499 187 2551 ia
198 2510 243 2548 una
259 2499 284 2552 in
300 2499 367 2550 aliam
387 2501 548 2564 transierant,
564 2514 612 2552 non
630 2507 723 2565 autern,
739 2501 759 2551 si
773 2499 860 2564 aliquid

57 2571 117 2634 qnod
134 2571 159 2619 in
181 2581 227 2619 una
250 2573 315 2634 parte
337 2573 477 2636 superfluum
500 2577 550 2636 est,
574 2573 723 2624 transferatur
739 2562 767 2623 in‘
782 2573 859 2622 aliam.

57 2641 138 2693 umet
150 2647 226 2694 autam
240 2641 362 2694 identitate
379 2645 491 2708 partium,
502 2643 603 2695 aruiertur
613 2644 721 2696 identitas
736 2645 807 2695 totius
814 2681 823 2707 ,
838 2643 859 2696 si

56 2713 177 2778 holemim
189 2714 219 2764 de
230 2713 332 2776 mutnus
342 2713 517 2779 esseudalibus3
529 2727 576 2767 non
585 2718 660 2765 autem
672 2714 692 2764 si
703 2715 822 2779 loquamur
831 2715 859 2765 de

58 2785 160 2850 pestilens
176 2781 371 2848 accidentalitas,
381 2786 441 2837 aaut
453 2789 506 2836 sunt
523 2785 601 2850 capilli
612 2789 637 2836 et
645 2799 734 2848 ungnes
746 2823 752 2849 ,
770 2786 797 2837 de
809 2783 862 2850 qui-

58 2857 101 2908 tus
115 2855 281 2919 uidetur-toqui
296 2859 445 2920 augustinus.
463 2858 492 2908 ltt
507 2857 540 2910 sic
553 2860 615 2923 patet
629 2856 724 2922 quadran
733 2856 860 2908 utranslatio
