1966 3304
260 145 292 183 on
307 145 378 184 murm
394 143 533 184 ruunmrurrr
547 142 629 184 sarrs.
799 117 847 183 tto

75 221 118 273 Sed
133 225 227 285 eontra,
241 221 387 287 illegitimum
400 223 482 275 dieitur
499 224 560 290 quod
569 227 605 274 est
617 223 695 274 eontra
701 220 786 285 legem.
801 221 847 273 Sed

46 291 76 342 illi
86 294 126 358 qui
140 298 267 346 naseuntur
275 300 340 348 extra
351 295 530 360 matrimonium,
539 298 664 348 nascuntur
676 297 754 346 eontra
762 293 846 358 legem.

45 363 101 427 Ergo
115 369 172 418 sunt
184 363 306 430 illegitimi.

66 437 256 502 (conanusror-
264 438 340 490 liberi
351 439 391 504 qui
404 441 529 492 assuuntur
536 451 567 490 ex
577 437 675 504 simplici
686 435 844 490 lomlmtioue.

25 540 31 556 .
43 521 87 559 non
101 514 158 562 suut
165 510 275 575 legitimi,
288 511 328 562 aad
338 510 410 562 saltu
421 513 549 576 naturalem
560 511 601 576 qui
610 510 665 563 verli
675 524 704 562 ex
714 514 793 574 stupro
803 521 838 559 an

42 579 153 633 neuterio
168 584 302 644 nascuntur,
312 595 355 634 uae
363 583 478 634 naturales
488 597 531 634 uea
543 581 640 646 legitimi
653 585 707 634 sunt
720 579 842 643 habendi.)

70 653 208 719 Respondes
224 654 345 706 dicendum
353 693 360 718 ,
369 655 431 720 quod
444 655 585 720 quadruplex
601 656 673 706 statar
686 655 722 706 est
735 652 843 712 liliorum,

42 723 135 782 Quidam
150 724 214 777 enim
228 729 282 777 sunt
291 725 423 778 naturales
435 730 461 777 et
474 727 603 792 lepitr'mi,
619 726 677 776 siam
686 725 720 775 illi
733 723 773 789 qui
788 735 842 774 uas·

42 799 120 848 cuntur
136 811 168 848 ex
182 810 237 848 vero
253 801 276 849 el
287 798 388 862 legitimo
402 797 558 862 matrimonlo;
570 797 663 862 quidam
672 793 804 846 naturales
814 795 840 843 et

42 881 86 917 nou
100 867 221 934 tepitn'ma‘
227 907 235 927 ,
247 871 274 919 ut
284 869 326 920 lilii
337 871 377 935 qui
386 873 513 922 nascuntur
525 882 555 920 ex
566 867 666 934 simplici
678 866 844 930 tornicatiooe;

42 939 129 1002 uidam
148 939 265 1006 lepittmt
277 943 304 1000 ,et
316 955 364 993 non
377 939 523 998 naturales,
535 941 595 991 siout
609 937 651 990 lilii
662 937 779 1004 adoptiri3
794 937 846 1002 qui-

43 1011 90 1062 lnm
98 1027 143 1064 nea
155 1012 268 1078 lepttiut
276 1027 319 1064 nee
332 1013 472 1072 naturales,
480 1013 541 1065 aaut
549 1011 623 1078 spurii
631 1011 681 1062 nati
694 1011 722 1061 de
733 1007 846 1060 adulterio

33 1085 74 1152 ¹rel
92 1086 121 1136 de
134 1089 233 1150 stupro:
250 1085 308 1138 tales
322 1085 384 1138 enim
403 1089 530 1137 nascuntur
542 1089 565 1136 et
582 1087 661 1135 contra
673 1083 747 1146 legem
760 1081 841 1146 positi-

42 1168 105 1222 vam,
123 1161 149 1209 et
163 1163 243 1210 eontra
256 1157 331 1222 legem
346 1163 435 1212 natura
448 1155 566 1224 expressi.
582 1157 611 1206 lit
626 1155 660 1206 sie
674 1153 845 1206 eoncedendum

42 1230 198 1293 estquosdam
215 1227 275 1282 filios
285 1243 335 1283 esse
345 1230 486 1296 illegitimos.

70 1301 103 1352 ael
123 1301 226 1368 primum
245 1315 300 1368 erpo
320 1303 458 1366 dicandum,
472 1303 549 1368 quod,
564 1300 668 1366 quamuis
684 1297 719 1349 illi
735 1299 775 1364 epil
790 1308 846 1349 uas·

42 1377 121 1424 suatur
142 1387 174 1425 ex
189 1373 269 1427 illicito
285 1375 361 1440 coitu,
378 1379 501 1426 nascantur
513 1373 639 1426 secundom
657 1368 780 1435 odoram,
794 1385 846 1436 qum

42 1445 170 1496 eommunis
180 1448 217 1500 est
229 1446 317 1498 homini
326 1451 350 1499 et
358 1447 464 1498 omnihus
474 1445 621 1509 animalibus,
632 1449 710 1494 tamen
719 1446 848 1493 naseuntur

44 1518 117 1566 tontrn
132 1515 209 1582 legem
226 1521 328 1584 naturae,
346 1531 397 1587 qum
416 1523 452 1570 est
465 1517 558 1584 propria
572 1514 720 1578 homininum
732 1513 785 1578 qula
799 1511 845 1563 lor·

44 1585 136 1654 olentia,
149 1590 175 1638 et
188 1589 323 1640 adulterium
335 1594 358 1642 el
367 1590 500 1656 hujusmodi
509 1591 564 1640 saut
573 1590 652 1640 eontra
660 1585 736 1649 legem
747 1587 844 1638 natura.

19 1717 20 1720 Ἴ
44 1657 68 1708 lit
83 1659 136 1712 ideo
150 1659 210 1712 tales
224 1659 350 1714 seeundum
363 1663 450 1714 nullam
461 1663 536 1726 legem
551 1663 605 1712 sunt
617 1655 723 1732 legitimi.

19 1759 20 1772 κ
71 1733 104 1784 lid
123 1734 251 1785 secuudum
265 1734 384 1786 uiuorum
394 1773 403 1799 ‚
414 1734 476 1800 qaod
491 1732 621 1798 ignorantie
634 1734 730 1782 excusat
740 1729 846 1784 illicitum

44 1801 122 1854 uoltum
138 1803 272 1870 inponente,
288 1805 334 1856 nisi
348 1803 378 1857 sit
392 1807 505 1858 affectata.
520 1805 585 1856 Unde
604 1802 639 1854 illl
652 1802 692 1867 qui
705 1801 846 1856 mnuenluut

44 1872 98 1926 lona
113 1875 158 1927 ide
168 1877 195 1926 in
208 1875 268 1928 laeie
279 1874 394 1944 Eutimia,
408 1877 512 1942 quamvls
524 1875 556 1928 sit
568 1874 775 1940 impedimentum,
790 1875 845 1925 duur

46 1948 117 1998 tamen
131 1946 249 2012 ignorent,
264 1961 310 1999 non
321 1952 433 2013 peceant,
449 1945 545 1998 necilli
558 1951 613 1998 sunt
625 1945 748 2012 illegitimi.
761 1946 787 1996 Si
801 1959 845 1997 au·

46 2019 86 2066 om
100 2018 194 2082 seiont,
207 2018 312 2084 quamuis
325 2019 426 2071 Ecclesia
441 2017 567 2082 susfiuenl,
580 2031 632 2083 que
644 2017 736 2080 ignorat
746 2017 845 2080 impedi-

46 2092 158 2153 mentum,
172 2102 220 2141 nou
232 2096 368 2142 exeumutar
380 2091 394 2142 l
405 2095 501 2156 peceato
510 2126 516 2152 ‚
526 2103 570 2140 nea
581 2089 623 2138 lilii
636 2089 664 2140 ab
673 2088 844 2152 illegitimitate.

45 2158 65 2208 Si
77 2165 152 2213 autem
162 2161 269 2213 ueniant
281 2166 306 2214 et
318 2162 343 2214 in
360 2161 451 2214 oeunlto
464 2163 599 2220 contrahant
609 2200 616 2226 ,
627 2160 696 2212 etiam
710 2172 756 2210 uon
769 2171 844 2210 exeu-

47 2237 131 2298 uaatnr,
148 2234 203 2300 piria
221 2235 274 2286 talis
288 2235 420 2299 ignorantia
437 2233 528 2286 siletur
544 2233 648 2284 attentata
661 2232 706 2297 (1).

73 2385 105 2452 ll)
116 2388 167 2437 llisi
178 2389 350 2436 matrimonium
359 2389 416 2436 illud
426 2387 594 2435 clandestinum
603 2385 639 2438 rel
652 2387 676 2432 ln
686 2386 780 2432 occulto
795 2383 844 2431 lao-

48 2453 86 2496 tuur
101 2452 208 2500 noemia
225 2453 374 2510 postmodum
399 2454 548 2514 approbarit,
562 2458 588 2496 ut
607 2461 661 2510 aap.
676 2449 747 2507 Quod
762 2449 845 2499 nolte,

48 2513 117 2562 flattu
130 2517 175 2575 qut
188 2517 240 2576 plot
254 2517 362 2578 loptts'mt
368 2552 376 2572 ,
391 2513 407 2578 ᾗ
420 2517 448 2563 Si
458 2519 549 2568 uatem,
559 2515 638 2562 vilere
647 2519 692 2560 est.
705 2576 708 2586 Ἰ
