1922 3332
184 175 231 255 'nx
246 216 302 256 rcus
316 216 413 255 marae
428 214 660 265 consxncnnraours.
781 208 826 256 393

30 310 68 361 per
79 295 169 360 ignem.
184 291 275 356 Primo,
288 292 342 356 unia
355 292 416 358 ignis
430 293 481 344 cium
499 293 530 344 sit
546 292 713 346 nobilissimum
728 294 827 347 clemen-

31 375 118 434 torum,
134 369 204 418 laabet
218 367 330 418 naturales
350 367 501 430 proprietates
516 366 636 420 similiores
648 369 828 434 proprietatibus

30 440 115 504 giorirc,
124 437 258 488 nt‘meximt
271 439 334 502 patet
352 438 379 488 de
389 438 448 488 tuce.
463 436 584 499 Secundbss
595 439 648 502 quia
660 439 721 504 ignis
732 453 780 491 nora
794 442 827 492 ita

28 512 108 576 recipit
120 508 304 561 commixtionem
320 507 437 571 extranei,
449 514 540 573 propter
549 509 672 560 efficaciam
681 525 728 564 sum
738 510 828 564 virtutis

27 585 126 646 active,
137 581 196 632 sient
205 581 250 630 alia
263 580 384 632 elementa.
399 579 491 643 Tertio,
507 579 560 644 quie
572 583 659 646 sphera
670 581 729 646 ignis
746 587 780 634 cst
790 597 827 635 re-

27 659 89 706 mota
105 653 118 704 i
136 656 212 704 nostra
229 651 388 714 habitatione,
403 664 446 702 nec
464 652 496 702 ita
510 652 635 703 communis
645 657 682 704 est
695 653 760 705 nobis
772 669 827 706 usus

27 725 178 789 ignis,.sicnt
188 728 270 786 temo,
281 737 346 788 eques
358 727 381 774 ει
399 723 473 786 aeris,
486 724 546 778 unde
561 737 608 774 nou
625 724 657 776 ita
676 725 785 776 inficitur.
799 727 829 778 Et

28 800 112 861 praeter
128 797 171 846 hoc
192 795 260 845 habet
273 794 394 845 maximam
407 794 530 851 efficaciam
551 795 579 846 ad
594 797 736 860 pungendum
755 801 778 848 et
800 798 828 848 ad

29 867 194 928 dividendum,
210 865 367 917 subtilizando.
837 917 839 922 ,

60 941 95 989 Ab
109 938 206 1003 primum
218 951 273 1002 ergo
288 937 423 1002 dicendum,
438 938 498 1002 quod
510 937 571 1002 ignis
583 951 630 990 uon
645 939 709 992 veuit
720 939 746 991 in
761 953 829 992 nsum

28 1014 147 1069 nostrum,
161 1013 229 1074 prout
240 1012 275 1062 εει
286 1009 379 1060 materia
394 1011 485 1074 propria
499 1009 549 1074 (sic
568 1010 630 1060 enim
643 1015 744 1062 remotus
762 1016 798 1066 est
814 1012 827 1062 'n

28 1081 116 1144 nobis),
132 1081 171 1130 sed
183 1079 257 1132 sotim
269 1083 335 1146 prout
349 1081 419 1131 estin
435 1080 527 1134 materie
537 1081 623 1132 atiena.
636 1082 665 1132 m
677 1086 786 1146 qnantum
799 1083 827 1134 ed

28 1157 76 1206 boc
90 1151 275 1218 poteritpurgari
286 1153 383 1203 mundus
394 1165 435 1218 per
446 1153 521 1218 ignem
533 1152 557 1202 in
567 1167 607 1204 sua
617 1153 713 1218 puritate
726 1155 828 1206 existen·

27 1229 94 1287 tem,
111 1227 220 1287 quantum
238 1221 291 1274 uero
310 1223 336 1272 ani
353 1225 397 1274 boc
411 1223 472 1287 quod
484 1225 553 1274 babet
569 1224 596 1275 de
614 1228 721 1276 extraneo
735 1225 830 1288 adjunc-

30 1303 95 1358 tum,
111 1293 196 1360 poterit
211 1294 310 1358 pnrgari.
325 1296 354 1346 Et
370 1297 403 1346 eie
414 1295 505 1347 diuerso
514 1299 621 1361 respectu
633 1295 694 1348 idom
713 1297 755 1347 erit
774 1311 829 1361 pur·

28 1383 88 1434 gens
102 1372 126 1418 ot
136 1370 269 1431 purgatum,
285 1369 344 1432 guod
357 1381 403 1418 non
418 1373 453 1418 est
465 1367 636 1426 inconveniens.

61 1439 98 1490 Ad
115 1437 240 1490 secundum
261 1437 396 1502 dicendum,
407 1439 466 1502 qnod
478 1442 550 1502 prima
567 1440 670 1504 purgatio
684 1438 760 1490 mundi
776 1453 830 1502 qum

31 1514 95 1562 tactu
110 1515 147 1562 est
159 1524 199 1576 per
210 1509 335 1571 diluuium,
349 1525 395 1562 raon
406 1511 539 1576 respiciebat
553 1511 599 1562 nisi
615 1510 760 1563 iniectionem
778 1525 831 1576 pec·

31 1584 91 1646 cuti3
105 1581 218 1646 precipue
237 1587 314 1632 erstem
330 1587 383 1632 tunc
400 1583 508 1646 regnabat
528 1585 646 1646 peccatum
668 1581 831 1646 concupiscen-

31 1656 69 1706 tiae
91 1655 138 1702 :et
154 1652 221 1712 ideo,
241 1653 404 1704 convenienter
425 1667 467 1718 per
485 1653 621 1704 contrarium
646 1652 750 1716 purgatio
772 1654 831 1705 tacte

33 1728 76 1778 tuit
85 1765 92 1786 ,
102 1724 189 1776 scilicet
201 1737 242 1788 per
257 1738 347 1789 equam.
362 1726 405 1776 Sed
423 1725 523 1776 secunde
539 1725 642 1789 purgatio
656 1724 746 1788 respicit
760 1729 783 1776 et
795 1727 831 1776 in-

31 1799 155 1850 iectionem
165 1797 237 1862 culpe
250 1803 274 1850 ει
286 1797 455 1848 commixtionis
463 1797 615 1862 impuritatem
626 1813 631 1846 :
644 1801 668 1848 et
679 1795 789 1860 guantum
803 1800 831 1850 ed

31 1874 155 1934 utrumque
182 1868 287 1920 convenit
308 1869 380 1933 magis
399 1869 460 1933 quod
483 1869 521 1918 tiat
546 1881 587 1933 per
609 1868 685 1932 ignem
704 1868 771 1933 quim
790 1883 831 1934 per

31 1955 123 2005 aquarn.
139 1945 201 2004 Aqua
212 1939 272 1990 enim
285 1954 329 1992 nou
341 1941 410 1991 habet
421 1940 467 1990 vim
477 1940 629 2004 disgregandi,
640 1940 681 1990 seo
691 1939 763 2004 magis
775 1953 831 1993 cou-

29 2011 159 2077 gregandi:
175 2014 235 2062 uude
251 2024 292 2076 pen
311 2009 514 2076 uquam-naturalis
532 2012 650 2075 impuritas
664 2013 831 2064 elementorum

30 2086 78 2136 tolli
93 2098 141 2135 non
157 2084 249 2148 posset,
264 2085 323 2140 sient
336 2083 471 2148 perignem.
486 2083 597 2134 Similiter
607 2082 677 2136 ctiam
691 2084 749 2134 circa
763 2085 831 2135 tinem

30 2155 109 2207 mundi
121 2155 233 2218 ¹regnabit
249 2155 328 2206 vitium
348 2154 488 2218 tepiditatis,
503 2154 568 2218 qussi
583 2155 666 2206 mundo
686 2157 733 2204 taur
750 2167 831 2207 senes·

30 2233 104 2290 centc3
118 2226 213 2290 quiunt
222 2225 511 2282 diciturMottb.,XX1V:
531 2242 545 2274 u
554 2225 618 2278 Tunc
632 2224 765 2290 refrigescet
779 2227 847 2276 cha-t

30 2299 83 2348 ritas
104 2296 242 2358 multorum
253 2313 267 2345 n
279 2297 339 2346 unde
354 2301 408 2346 tunc
419 2295 581 2348 conuenienter
591 2295 695 2362 purgatio
704 2308 745 2358 per
754 2296 831 2358 ignem

30 2369 78 2420 tet.
92 2371 142 2420 Nee
155 2373 192 2418 est
208 2369 293 2432 aliquid
302 2369 362 2432 qnod
374 2368 428 2432 igne
439 2369 531 2434 purgari
546 2381 591 2418 uon
601 2367 673 2432 possit
683 2367 776 2431 atiqu03
793 2369 832 2419 sed

31 2443 134 2504 qondam
148 2444 202 2490 sunt
214 2453 264 2504 quae
277 2439 326 2508 sine
335 2439 371 2490 sni
382 2441 525 2504 corruptione
538 2438 666 2502 perignem
679 2450 724 2490 non
735 2441 832 2502 possunt

32 2511 131 2576 purgari,
147 2512 207 2562 sicut
216 2512 287 2576 panni
298 2515 321 2563 ει
330 2525 386 2564 vase
402 2510 491 2575 lignea,
502 2514 524 2560 et
532 2508 680 2574 hujusmodi:
697 2509 782 2559 ettutie
792 2508 830 2559 lex

31 2582 239 2656 praecipitpurgeri
251 2597 292 2648 per
311 2595 392 2648 aquom
402 2621 417 2645 „
425 2597 475 2646 que
489 2587 567 2634 tamen
579 2581 656 2633 omnin
669 2580 766 2634 finaliter
779 2593 829 2633 cor·

33 2659 167 2718 rumpentur
179 2667 220 2719 per
231 2655 315 2718 iguem.

65 2727 102 2778 Ad
118 2725 210 2778 tertium
232 2726 367 2790 dicendum,
384 2725 444 2791 qnod
467 2740 508 2791 per
529 2738 586 2790 opns
605 2725 757 2778 distinctionis
779 2730 832 2777 sunt

34 2797 100 2848 rebus
111 2797 208 2848 diverse
226 2797 303 2849 torma
320 2797 407 2850 rotate
426 2798 508 2863 quibus
527 2798 555 2850 ab
571 2797 670 2848 inuicem
684 2797 830 2862 distinguun-

24 2870 88 2920 rtur:
109 2873 134 2920 et
151 2869 204 2920 ideo
217 2871 261 2920 boc
274 2868 323 2919 iteri
338 2881 383 2920 non
392 2869 475 2934 potuit,
487 2869 531 2920 nisi
543 2883 584 2934 per
592 2883 644 2922 eum
655 2871 695 2934 qui
705 2877 741 2921 est
751 2872 831 2921 unctor

37 2942 135 2994 ratores
147 2941 192 2994 Sei
206 2953 249 3004 per
264 2941 355 2993 instem
372 2942 528 3006 purgationem
541 2943 677 2995 reducuntur
696 2954 734 2994 res
747 2942 831 3007 aopn-
860 2948 864 2957 ¹
