1976 3306
143 132 190 182 'ott
271 135 471 186 sunrnsnnnrnrr,
486 133 580 179 oum.
596 135 673 183 ntur,
688 134 745 172 our.
763 135 799 170 rr.

137 212 246 274 untionis,
259 209 313 262 sinin
327 223 372 261 nee
387 211 455 260 etiem
470 209 495 258 in
510 221 592 272 geone
605 209 791 270 communicent,
809 209 933 262 monilium

136 283 303 363 Philosophum
316 283 340 332 in
353 283 382 333 x.
402 282 522 344 Motoph„
539 279 616 343 (text.
634 279 683 342 th).
701 279 748 330 Sed
767 278 813 330 iste
828 280 895 344 iouh
903 289 934 333 et

137 353 301 419 eorruphhilis3
315 353 354 404 ille
366 355 460 410 emm,
477 355 592 411 aornos,
607 351 710 409 Metto,
727 351 780 400 lllll
797 365 806 400 ι
824 367 841 400 ι
856 352 934 404 ohor-

137 427 187 476 olto
203 426 218 476 l
233 437 270 476 ure
294 422 408 485 maledieti
429 420 454 471 in
468 421 546 485 ipneuo
560 425 680 472 eternum.
699 435 715 468 n
733 420 794 486 longo
817 433 869 474 non
885 428 934 474 sunt

136 496 241 562 ejnshero
252 499 347 546 nature.

169 571 194 623 t.
207 569 330 628 loethoeo,
344 566 374 616 de
384 570 464 615 notura
472 563 542 626 hujus
556 562 617 628 ignis
626 563 698 614 nostri
710 567 745 614 est
758 567 787 614 nt
796 565 935 618 lnceunsel

136 637 197 700 iguis
206 636 290 688 inserui
300 648 347 686 nou
360 635 437 696 lucet3
448 634 509 684 unde
519 633 574 689 ioh,
585 633 656 684 lllllll
671 648 677 682 ε
690 649 705 680 o
715 635 799 684 Nonne
821 635 866 684 lux
877 636 936 700 inpii

138 708 295 768 extinguetur.
310 721 324 752 p
341 705 403 768 llrgo
416 713 442 754 ut
456 703 529 768 prihe.

166 778 213 827 Sol
225 773 304 827 oont'ro
317 791 324 824 ε
335 775 462 826 seouuolhur
474 775 638 836 Philosophum
651 773 676 825 iu
684 775 704 824 l.
723 776 817 840 Topio„
833 789 889 844 erp.
906 784 935 828 o:

140 847 249 898 «Omnis
262 858 320 909 uque
339 847 483 908 omniaque
501 845 630 896 ostendero
650 845 733 910 speeie.
747 863 762 893 n
779 847 845 913 Ergo
862 851 937 902 oulen

138 917 227 968 rohone
240 915 317 967 omnis
331 916 390 979 iguis
401 915 462 966 omni
475 915 523 977 igni
537 919 573 964 est
587 913 647 966 idem
661 915 745 978 specie.

170 989 298 1046 pretereo,
310 987 382 1050 Sep„
396 987 427 1037 lll
435 1023 443 1047 ‚
457 986 540 1036 ‹licituu
555 1001 587 1034 :u
603 989 706 1049 Poruue
719 991 803 1049 peccet
814 989 889 1053 aruh,
900 1004 936 1054 per

138 1061 189 1110 haeo
200 1063 227 1110 et
239 1060 367 1122 torquetur,
380 1074 393 1105 p
409 1051 455 1108 Sed
477 1057 581 1108 homines
592 1061 688 1121 peccaut
702 1070 744 1122 per
759 1069 798 1109 res
816 1061 934 1112 sensihilos

138 1131 210 1194 huius
216 1129 308 1180 nundi.
321 1129 381 1193 ltigo
392 1133 479 1190 orntum
492 1131 530 1177 est
543 1131 570 1176 ut
579 1139 624 1190 per
635 1128 729 1178 oosoen
742 1128 886 1192 mensur.

173 1201 372 1262 (Connuusro.-
382 1201 447 1249 Siout
460 1210 555 1263 corporo
565 1199 722 1249 damnatorum
735 1199 843 1263 ejusdem
856 1201 937 1266 spouei

140 1276 208 1324 nunt
227 1273 293 1336 cnjus
310 1271 376 1322 nooo
391 1275 458 1331 sunt,
473 1271 506 1318 itu
519 1273 543 1320 et
557 1269 618 1332 ignis
631 1279 678 1332 uuo
689 1274 827 1334 torquentur
839 1273 938 1324 hennon

139 1345 174 1394 in.
182 1343 285 1400 intono,
300 1343 402 1407 oiusrlorn
423 1346 459 1390 est
474 1339 562 1405 spooioi
573 1338 624 1390 hur
637 1341 691 1402 igne
700 1341 740 1402 qni
754 1343 818 1404 apnrl
835 1356 883 1394 nos
891 1349 936 1402 est,

139 1415 195 1468 licto
209 1417 317 1480 quasdem
331 1417 480 1479 proprietates
492 1414 595 1464 hireneus
613 1409 718 1474 haheat.)

171 1487 308 1550 Respondeo
326 1486 462 1546 dioenoluur,
478 1483 538 1548 quod
558 1483 622 1547 ignis
644 1489 736 1547 proptor
756 1485 802 1536 hos
820 1489 887 1548 unorl
905 1493 939 1538 est

142 1557 247 1608 maximo
260 1557 351 1606 uirtutis
363 1557 388 1605 in
403 1556 499 1618 egendo,
513 1553 667 1617 interuoliqoo
681 1555 810 1614 elemento.
825 1556 873 1606 elin
891 1567 939 1608 oon

142 1640 198 1694 poro
212 1641 254 1692 pro
272 1628 368 1678 materie
381 1627 462 1688 hehet,
476 1630 502 1675 ut
517 1624 598 1676 dicioni
615 1625 641 1674 in
657 1626 697 1674 lll.
710 1624 829 1682 Meteon,
846 1639 901 1691 sap.
916 1635 937 1677 l.

143 1700 209 1750 Uuole
220 1703 245 1750 et
262 1699 324 1762 ignis
340 1699 461 1762 dupliciter
475 1696 591 1747 inuenitur
607 1712 613 1746 :
631 1696 719 1746 soilioet
734 1695 759 1746 in
772 1695 872 1747 melone
884 1711 940 1762 pro·

143 1770 210 1832 prio,
223 1774 291 1832 prout
305 1773 340 1820 est
353 1769 378 1818 iu
390 1781 433 1818 sun
454 1769 560 1831 spheru3
575 1772 599 1816 et
619 1767 644 1815 in
660 1766 754 1816 motoria
769 1766 846 1816 alienu
858 1767 939 1826 ,sire

145 1839 260 1899 tenestri,
274 1839 404 1902 utpohotin
418 1840 523 1898 carbone,
537 1837 676 1896 stupuere,
686 1839 714 1886 ut
724 1837 825 1900 potetin
837 1838 937 1892 tiamne.

145 1912 290 1973 Quocumque
303 1912 378 1958 entem
391 1908 457 1959 modo
470 1908 532 1972 ignis
544 1907 683 1964 inuenietur,
694 1917 785 1971 semper
797 1911 837 1958 est
845 1908 907 1958 iolonr
915 1908 938 1958 in

146 1981 233 2046 speeie,
244 1982 353 2044 quantuni
366 1979 394 2028 oo
407 1982 510 2030 naturum
523 1977 584 2041 ignis
593 1977 699 2040 pertinet.
711 1979 790 2028 Potest
804 1982 883 2028 nonen
891 1991 939 2028 esse

87 2055 90 2059 ’
146 2053 266 2104 iireuitus
283 2049 309 2102 in
326 2049 414 2112 speeie,
428 2053 538 2112 quantun
551 2051 582 2099 nol
596 2061 691 2112 euporo
712 2058 762 2112 que
775 2053 833 2100 suut
847 2050 935 2099 nnhrin

36 2157 38 2161 ,
145 2124 216 2186 iouis.
231 2123 293 2173 Unde
309 2123 418 2185 musmo
434 2125 459 2169 et
471 2113 546 2171 oorh'o
557 2120 666 2170 differunt
681 2120 774 2184 speeie,
786 2124 810 2170 ot
833 2119 934 2172 slnolter

145 2195 242 2258 loquum
262 2196 376 2257 iporeium,
391 2194 415 2240 et
427 2191 527 2252 ferrum
543 2191 664 2256 ipoitom.
679 2189 727 2240 her
737 2189 815 2241 stillent
829 2196 939 2254 quanm

145 2266 174 2314 nol
189 2265 248 2322 hoo,
260 2265 309 2312 sire
326 2262 398 2324 ignite
417 2261 465 2312 sint
475 2273 517 2324 per
528 2259 679 2322 uiolentiam,
692 2265 717 2309 ut
727 2260 752 2311 iu
763 2261 826 2311 torro
836 2267 939 2326 apponet,

146 2334 195 2384 siue
207 2346 238 2382 ex
247 2332 360 2396 principio
376 2331 500 2382 intrinseco
515 2330 628 2391 naturali,
643 2334 669 2381 ut
687 2331 767 2380 oceidit
779 2331 805 2380 iu
820 2333 940 2395 sulphure

145 2405 274 2465 hoohergo
289 2403 350 2466 iguis
359 2402 458 2465 inferni,
472 2407 581 2466 qnantum
596 2403 627 2452 nul
639 2403 682 2453 hoo
699 2402 759 2465 quod
771 2403 843 2452 hehet
860 2403 890 2452 ule
901 2416 942 2452 un·

145 2479 198 2524 turn
212 2473 285 2535 iguis,
301 2474 335 2523 sit
347 2473 450 2537 ejusdem
470 2473 553 2538 speciei
566 2480 617 2525 oum
632 2473 686 2536 igue
698 2473 738 2536 qui
756 2474 817 2537 apori
830 2485 878 2523 nos
890 2479 940 2534 est,

144 2540 290 2593 menifestum
303 2548 347 2594 est.
361 2548 442 2594 Utrum
453 2547 529 2595 autern
543 2539 583 2593 ille'
593 2545 652 2606 ignis
663 2543 694 2594 sit
703 2545 727 2592 in
740 2541 832 2608 proprio
846 2544 942 2594 materh

145 2613 254 2676 existens,
266 2617 303 2664 out
317 2615 337 2665 si
345 2615 369 2664 in
380 2613 493 2675 elieno,in
504 2627 549 2676 qua
558 2613 651 2664 materia
660 2613 698 2676 sit,
709 2609 775 2664 nohis
782 2613 889 2674 ignotum
897 2617 940 2664 ost

145 2681 176 2733 Et
194 2684 317 2735 secundom
332 2686 377 2736 hoo
395 2688 471 2748 potest
488 2685 516 2734 oh
529 2684 583 2746 ipne
594 2683 635 2746 qui
654 2685 714 2746 epuul
733 2695 776 2734 nos
795 2686 851 2743 est,
865 2683 941 2747 speeie

146 2754 248 2816 dillerre,
258 2755 399 2806 materiolitoe
408 2755 570 2806 corslooraous.
581 2754 693 2812 Quosdam
705 2757 779 2802 tenen
789 2753 941 2816 proprietntes

147 2823 276 2876 liltoreutes
296 2825 364 2874 hahet
385 2825 412 2874 oh
431 2825 483 2886 igue
499 2830 594 2884 nostro,
610 2823 710 2887 utquid
727 2823 879 2876 succensione
896 2835 940 2874 non
