1998 3326
256 135 291 172 nn
304 135 469 176 ummo
485 138 647 178 cornutorum.
821 132 855 190 ae,

38 208 92 272 petit
99 247 107 273 ‚
114 211 204 274 potat
216 209 326 260 dominns
337 211 430 274 aliquod
439 213 558 264 seruitium
572 227 638 265 terro
651 214 778 279 imponere,
791 217 853 280 quod

37 281 111 332 lacere
131 293 187 332 non
204 279 307 345 poterit,
322 281 344 332 si
358 283 445 334 carnab
466 285 557 348 copule
575 299 655 336 uacare
675 286 740 338 relit.
754 287 855 350 urged

38 351 82 402 sine
92 365 222 404 consensu
235 351 321 404 domiui
335 359 414 418 posset
431 369 511 408 seruus
523 359 658 408 contrahere
672 358 854 422 matrimonium,

16 445 17 450 κ
37 422 172 486 privaretur
189 423 298 474 dominus
307 423 405 475 seruitio
416 423 461 476 sibi
471 426 548 478 debito
562 428 613 480 siue
625 429 708 493 culum
722 430 783 493 quod
798 442 854 482 0⁸⁸0

37 494 241 628 ¹²⁰1ludi‘lsstl'erea,
251 565 442 630 dominuspotest
451 568 550 620 rendere
561 581 652 620 sermm
667 584 734 622 suum
743 571 768 622 in
776 575 852 622 extra

37 649 91 686 neas
109 635 244 700 regiones,
260 636 307 700 qub
327 649 385 688 uxor
406 651 447 688 sua
467 651 513 690 non
533 640 619 702 noterit
639 653 693 692 oum
714 643 795 706 sequ,
813 642 853 694 rel

16 761 17 768 ,
38 712 130 772 propter
148 707 312 758 infirmitatem
326 708 443 772 corporis,
454 709 490 758 rel
500 713 596 773 propter
610 711 852 774 periculumlldeiim·

38 778 139 840 minens,
149 778 212 842 nuti
227 777 248 828 oi
259 779 374 828 vendatur
385 778 524 842 infidelibus,
534 780 572 832 uel
585 781 654 832 elium
666 783 758 836 domino
772 784 853 838 uxorio

37 863 81 901 uon
94 849 272 914 permittente,
290 850 311 900 ri
326 849 357 899 ait
370 849 468 913 ancilla;
484 855 509 900 et
527 851 563 902 sic
582 853 752 904 matrimonium
766 855 850 908 direct·

37 927 121 987 retur3
136 923 205 987 quod
224 925 260 972 eet
275 921 450 972 inconveniens.
467 923 527 986 Ergo
548 936 595 974 non
610 928 688 988 potest
703 939 784 978 terrun
799 927 852 978 rino

38 1007 156 1046 nomnen
174 991 264 1044 domini
277 993 446 1044 matrimonium
461 995 605 1046 contrahere.

65 1070 90 1114 5.
106 1067 247 1125 Praeterea,
261 1063 408 1114 favorabilior
424 1067 460 1114 est
484 1064 592 1128 obligatio
611 1079 656 1130 qua
674 1067 742 1118 borno
763 1067 853 1120 lininio

39 1135 159 1200 mondo
173 1148 200 1186 re
209 1133 326 1198 mancipat
336 1171 343 1196 ‚
352 1133 421 1197 quln
434 1134 473 1186 illa
487 1148 532 1200 qua
546 1137 616 1188 bomo
627 1149 652 1188 se
665 1139 732 1189 uxori
744 1139 848 1203 subjicit.

38 1208 79 1258 Sed
96 1219 187 1258 mnus
204 1205 255 1256 siue
274 1217 388 1256 consensu
408 1205 554 1258 domininon
568 1211 646 1271 polest
661 1207 795 1272 religionem
812 1211 853 1262 in·

38 1283 111 1341 trare,
132 1276 175 1328 rel
193 1277 223 1327 ud
238 1276 330 1328 ordiner
352 1277 490 1338 ummoueri.
504 1277 564 1340 Ergo
581 1277 655 1328 mullb
677 1278 754 1330 mindo
773 1285 851 1344 potest

40 1348 87 1400 nne
100 1347 157 1411 ejus
171 1357 289 1396 consensu
298 1345 442 1396 matrimonio
452 1345 529 1410 luno.

66 1419 114 1470 sed
128 1421 229 1480 contre,
245 1415 343 1472 Galat..
355 1417 404 1466 lll:
421 1419 471 1468 olo
481 1417 572 1470 Gbrieto
583 1418 639 1470 lesu
649 1430 697 1469 non
717 1422 752 1472 eol
769 1431 853 1472 aeruna

41 1503 114 1554 uerno
128 1490 201 1540 liber.
221 1503 236 1534 r
251 1489 310 1550 llrgo
329 1487 358 1537 ud
374 1487 542 1538 matrimonium
562 1489 744 1543 conuabendurn
761 1489 786 1542 in
803 1490 851 1542 lide

41 1561 124 1611 tbrrimi
135 1561 196 1610 lesu
210 1559 290 1608 eadem
300 1561 337 1608 eut
349 1557 442 1608 libertas
453 1559 531 1610 liberis
544 1563 568 1610 et
581 1559 664 1610 serris.

68 1635 206 1692 meteret,
221 1629 320 1682 uomitus
334 1633 369 1680 ert
381 1630 410 1682 de
421 1631 474 1693 jnre
492 1631 601 1694 positivo.
617 1631 662 1682 Sed
678 1631 849 1682 matrimonium

43 1707 77 1753 eet
87 1705 117 1754 do
134 1703 191 1766 jnro
211 1701 311 1752 naturali
323 1705 348 1752 et
366 1700 455 1752 diuino.
470 1701 528 1752 edm
544 1714 599 1764 ergo
611 1701 651 1764 jur
667 1701 790 1764 mutium
803 1714 849 1754 nou

42 1771 237 1838 prejudioetjuri
248 1772 347 1824 naturali
362 1772 505 1836 antdiuinu,
518 1773 611 1824 ridetur
627 1771 689 1836 qubd
702 1785 782 1824 cerrus
796 1772 849 1826 abu·

44 1859 85 1909 que
97 1843 191 1896 domini
209 1855 324 1896 conmoau
338 1843 508 1896 matrimonium
522 1845 655 1896 rnnlrabcre
666 1844 747 1908 poert.

73 1917 244 1981 (Concnnsro.
254 1941 287 1952 -
300 1913 360 1966 Cbm
376 1915 544 1968 matrimonium
564 1917 594 1966 nd
610 1916 649 1979 jus
662 1921 750 1966 nature
763 1915 848 1966 refera-

44 1993 87 2050 tur,
101 1987 206 2039 territur
219 1989 295 2038 eutem
308 1987 337 2037 ad
344 1986 384 2049 jnr
395 1986 536 2051 positivum,
550 1990 626 2050 uuest
641 2000 721 2038 rerum
734 1987 786 2037 eine
802 1988 847 2038 do-

45 2060 100 2110 mini
111 2058 149 2110 rui
164 2069 279 2108 concensu
295 2055 367 2107 libere
380 2057 549 2109 matrimonium
563 2059 727 2119 contrahere.)

72 2129 214 2194 llerpondeo
232 2128 364 2188 dicendum,
380 2129 442 2192 quod
457 2129 497 2193 juo
517 2129 655 2192 nostorum,
672 2132 699 2178 nt
713 2127 799 2180 dictum
813 2131 849 2179 eut

45 2204 97 2266 (art.
106 2201 220 2266 praeced,
236 2199 264 2250 ud
273 2199 298 2263 t)
310 2200 474 2264 progrediturb
480 2201 531 2264 jure
547 2201 654 2252 naturali.
669 2201 699 2250 nt
711 2200 762 2250 ideo
775 2199 848 2248 eervi-

46 2279 89 2336 tm,
98 2285 153 2336 quae
168 2274 205 2322 est
215 2270 243 2321 de
255 2270 307 2334 jure
317 2270 429 2334 positivo,
439 2285 487 2324 non
496 2275 573 2334 potest
585 2271 735 2335 prejudicare
747 2268 786 2318 bio
795 2281 848 2332 qun

47 2348 96 2394 arnt
105 2344 134 2394 de
148 2343 203 2406 jure
210 2340 316 2391 naturali.
326 2339 391 2390 Siout
401 2345 478 2392 anum
489 2342 605 2406 repobus
613 2345 702 2392 nutura
713 2343 749 2390 eol
760 2339 789 2389 ad
798 2352 851 2392 con·

48 2414 200 2466 unctionem
214 2411 339 2474 individui,
353 2411 384 2462 ita
404 2415 439 2462 ost
452 2413 480 2463 ad
496 2414 695 2466 conseruationem
710 2410 795 2473 suenci
808 2423 851 2475 per

47 2487 224 2548 temerationem.
243 2483 322 2545 Unde,
333 2482 392 2532 sieut
406 2495 485 2534 seruus
504 2497 551 2535 non
568 2483 671 2534 subditur
685 2481 777 2533 domino
794 2481 851 2546 quin

48 2557 113 2609 libere
124 2555 199 2621 possit
214 2554 336 2606 comedere
346 2557 370 2604 et
378 2553 515 2616 dormire‚et
523 2555 567 2604 alia
576 2552 707 2621 hujusmodi
714 2553 790 2602 iacere
799 2563 850 2617 qua

49 2629 74 2679 rd
86 2626 248 2680 necessitatem
267 2623 369 2688 corporis
387 2625 516 2689 dedinent,
530 2625 582 2676 siue
599 2624 682 2688 quibus
698 2625 779 2674 natura
794 2636 850 2674 con·

49 2700 127 2752 errari
140 2712 187 2750 non
200 2699 293 2762 potest3
309 2695 342 2746 lta
356 2707 401 2746 nou
416 2697 518 2747 subditur
533 2697 556 2748 ei
568 2694 680 2760 qnantum
693 2695 775 2746 adbuc
789 2693 850 2758 quod

49 2771 171 2837 noncessit
185 2767 258 2835 libe-re
273 2767 448 2818 matrimonium
456 2769 602 2832 contrahere,
610 2768 679 2819 etiam
691 2764 783 2819 domino
797 2779 854 2818 nea·

51 2841 118 2895 deute
130 2845 169 2894 aut
187 2837 376 2894 conmudicante.
