2026 3304
214 161 245 204 nc
261 161 426 202 emendaturo
439 163 614 219 nnlalntnn'ns,
630 167 684 207 erc.
703 169 705 177 ’
805 161 851 212 lde

54 241 107 295 sicut
133 241 159 293 in
177 239 325 302 serpentibus
343 241 417 304 magis
438 242 566 294 ostenditur
580 243 654 296 ulrt'rs
672 245 849 314 metendorum,

53 311 114 373 quim
128 311 152 360 in
163 309 216 359 aliis
232 308 376 371 animalibus,
398 316 423 361 ut
436 312 519 363 dicitur
534 315 558 363 in
572 313 734 381 (lenissimum
750 331 790 383 per
802 333 851 372 ser·

17 441 19 448 J
52 387 146 446 pentem
157 381 265 433 ‹liaboim
276 379 393 436 reniterent
405 384 510 434 muteris.
537 402 540 410 ·

17 475 18 496 r
78 453 112 504 lud
126 453 255 505 secumdum
270 453 403 515 dicendum,
412 454 472 518 cedd
481 467 542 519 opus
548 457 588 508 liei
601 463 754 525 patestopere
767 461 852 516 diaboli

51 523 154 588 impediri
172 522 252 574 divina
265 522 430 589 permissione3
445 536 492 577 nour
508 527 570 589 cudd
587 529 687 581 diabolus
704 534 735 582 sil
747 535 794 585 Deo
805 535 852 584 tor·

49 598 106 658 tior,
118 599 145 646 ut
157 607 201 658 per
211 594 343 648 uiolentiam
358 607 427 659 opera
441 597 495 658 ejus
506 599 617 650 destruct.

77 671 111 720 dd
128 665 224 718 terdunr
243 666 382 726 dicendum,
401 669 462 730 quid
479 670 614 721 maleficium
633 670 745 736 quoddam
763 680 799 726 est
819 677 851 728 lta

48 743 200 804 perpetuum,
216 737 275 800 qudd
289 749 333 787 non
350 742 427 800 potest
439 741 508 790 domo
521 742 604 793 hebere
616 745 739 794 remedium
749 748 849 800 humanu

48 825 133 876 opere,
147 810 254 874 quumvis
273 811 332 860 lleue
346 813 424 873 posset
441 813 565 862 remedium
587 819 709 878 prestare,
723 818 847 870 damonem

48 885 168 948 cogendo,
184 881 223 931 uel
245 881 314 932 etiam
338 883 439 944 daemon,
455 884 599 948 desistend03
618 887 739 937 nonenim
757 901 848 956 semper

47 957 137 1018 oportet
149 956 178 1002 nt
189 951 213 1002 id
225 952 287 1015 quod
299 961 341 1015 per
352 953 486 1003 maleilcinm
501 954 586 1006 iactum
600 960 643 1018 eet,
653 959 727 1021 possit
736 971 776 1022 per
785 961 845 1014 alind

47 1025 186 1077 maleficium
199 1022 297 1084 destrui,
312 1028 338 1073 nt
350 1023 395 1086 ipsi
410 1024 508 1074 malefici
521 1027 665 1077 confitentur.
683 1031 806 1093 Elatiam,
827 1034 847 1084 si

47 1102 124 1161 pamel
137 1108 180 1160 per
197 1094 332 1145 mendcium
352 1095 478 1146 remedium
499 1097 617 1158 adhiberi,
632 1099 780 1152 nihilominus
795 1117 846 1166 per·

47 1174 144 1232 peluem
164 1167 307 1230 reputaretur
316 1167 390 1229 ,onia
403 1167 466 1218 nullo
480 1169 547 1218 modo
560 1169 627 1219 delet
640 1169 722 1234 aliquis
739 1173 848 1222 daemonis

47 1238 160 1290 auxilinm
173 1247 214 1301 per
224 1236 359 1288 neletlcium
373 1236 488 1288 invocare.
503 1239 613 1289 Similiter
626 1253 670 1290 non
680 1244 847 1306 oportetqudd,
919 1231 923 1240 ¹

47 1311 65 1360 si
79 1312 252 1374 perpeccalum
267 1308 355 1372 edmund
368 1309 459 1360 diabolo
472 1311 522 1360 dala
535 1314 572 1361 est
586 1312 688 1374 potestas
701 1313 725 1361 in
738 1314 847 1376 aliquem,

47 1383 120 1447 quod,
135 1383 243 1432 cessante
255 1388 360 1443 moneto,
373 1383 638 1446 ostendendumque
653 1395 721 1446 paena
732 1385 845 1434 interdum

14 1475 15 1490 r
46 1456 159 1514 remanet,
174 1449 242 1514 cnipl
253 1455 393 1502 transeunte.
405 1452 592 1504 Similiteretium
604 1453 724 1503 exorcismi
733 1453 846 1505 Ecclesia

47 1539 91 1580 non
109 1523 191 1574 velent
213 1523 243 1572 ad
260 1523 428 1586 reprimendum
444 1523 561 1574 demones
584 1537 673 1588 semper
691 1524 800 1587 quartum
820 1528 848 1576 ad

47 1609 126 1648 onnes
150 1592 267 1646 molestias
290 1595 431 1656 corporales,
454 1595 541 1658 judicio
565 1595 642 1646 divino
664 1595 709 1645 troc
733 1597 846 1660 exigente.

47 1667 142 1732 Semper
150 1667 230 1716 tamen
241 1663 320 1716 nalem
329 1669 407 1716 contra
420 1667 471 1716 illas
483 1665 643 1716 infestationes
652 1666 779 1716 demonum
794 1681 849 1718 con·

48 1742 80 1788 tra
93 1751 155 1801 quas
167 1734 320 1800 principaliter
331 1735 431 1788 instituti
442 1741 505 1788 sunt.

76 1810 112 1860 ld
132 1810 240 1871 quadum
254 1806 371 1858 dicendum
384 1847 390 1869 ‚
403 1808 464 1872 qudd
476 1807 613 1858 maleficium
624 1809 758 1872 quandoque
772 1813 848 1874 potest

48 1885 157 1942 prestere
174 1879 361 1942 impedimentum
376 1881 402 1930 ad
414 1895 511 1944 omncs,
525 1880 660 1944 quandoque
671 1881 699 1930 ad
716 1893 784 1930 unum
798 1887 849 1932 lau-

48 1951 113 2015 llum,
127 1956 182 2015 quum
203 1951 308 2001 diabolus
324 1952 449 2002 voluntaria
463 1965 530 2002 causa
544 1955 593 2015 est,
609 1963 655 2002 tlon
669 1965 698 2002 ex
713 1954 849 2004 necessitate

49 2027 136 2076 maure
148 2035 228 2087 agens.
240 2024 267 2072 iit
276 2027 384 2087 pretereat
397 2022 585 2087 impedimentum
596 2023 701 2074 maleicii
711 2027 847 2087 potestesse

48 2106 74 2142 ex
95 2093 249 2158 impressione
268 2095 379 2144 dampnis
399 2095 424 2143 in
442 2093 603 2156 imaginatione
628 2095 742 2157 nominis,
757 2107 787 2143 ex
802 2107 847 2157 qua

49 2165 134 2216 tollitur
155 2164 206 2216 uiro
220 2164 406 2228 concupiscentia
424 2177 521 2214 movens
538 2165 566 2215 ed
585 2165 655 2215 telem
672 2165 807 2226 mulierem,
824 2171 848 2214 et

48 2248 91 2286 uon
110 2237 140 2286 ad
162 2235 238 2286 aliam.

343 2345 501 2397 remedius
518 2344 558 2396 lll.

209 2469 292 2513 Utrdnr
301 2469 373 2523 sutrio
384 2467 499 2526 impediat
511 2467 699 2513 matrimonium

76 2598 111 2648 ld
130 2596 226 2647 tertium
236 2595 269 2645 sic
279 2594 416 2659 proceditur.
429 2595 525 2644 Videtur
538 2594 597 2659 qudd
615 2593 673 2643 linia
685 2603 733 2642 non
743 2592 852 2658 impediat

47 2668 228 2719 matrimonium.
240 2665 405 2717 iletrimonium
419 2665 481 2717 enlm
496 2664 613 2729 spirituale
629 2667 688 2729 rpucd
701 2666 725 2715 in
738 2665 850 2728 baptismo

46 2740 202 2802 connutritor,
220 2738 313 2802 dignius
330 2741 366 2788 est
386 2737 452 2802 quim
470 2739 568 2788 carnale.
589 2737 633 2787 Sed
653 2737 733 2788 furiosi
753 2742 851 2800 possum

46 2811 170 2876 inplicari.
187 2811 249 2874 lingo
260 2814 284 2860 el
294 2808 463 2860 matrimonium
476 2810 618 2860 conmanere.
635 2815 638 2822 ’

78 2889 105 2932 2.
120 2885 229 2933 merea
241 2919 248 2942 ,
261 2880 373 2945 trigidius
390 2881 485 2946 impedit
506 2879 674 2929 matrimonium
698 2879 721 2928 in
740 2880 852 2941 qnantum

732 2976 758 3022 ⁵*
