<?xml version="1.0" encoding="UTF-8"?>
<!DOCTYPE html PUBLIC "-//W3C//DTD XHTML 1.0 Transitional//EN"
    "http://www.w3.org/TR/xhtml1/DTD/xhtml1-transitional.dtd">
<html xmlns="http://www.w3.org/1999/xhtml" xml:lang="en" lang="en">
 <head>
  <title>
</title>
<meta http-equiv="Content-Type" content="text/html;charset=utf-8" />
  <meta name='ocr-system' content='tesseract 3.04.00' />
  <meta name='ocr-capabilities' content='ocr_page ocr_carea ocr_par ocr_line ocrx_word'/>
</head>
<body>
  <div class='ocr_page' id='page_1' title='image "./summatheologica06nicogoog_0237.png"; bbox 0 0 2030 3330; ppageno 0'>
   <div class='ocr_carea' id='block_1_1' title="bbox 247 189 846 253">
    <p class='ocr_par' dir='ltr' id='par_1_1' title="bbox 247 189 846 253">
     <span class='ocr_line' id='line_1_1' title="bbox 247 189 846 253; baseline -0.008 -11"><span class='ocrx_word' id='word_1_1' title='bbox 247 202 279 246; x_wconf 74' lang='lat' dir='ltr'><strong>ot</strong></span> <span class='ocrx_word' id='word_1_2' title='bbox 292 201 397 244; x_wconf 73' lang='lat' dir='ltr'><strong>marre</strong></span> <span class='ocrx_word' id='word_1_3' title='bbox 410 199 576 253; x_wconf 72' lang='lat' dir='ltr'><strong>namneum,</strong></span> <span class='ocrx_word' id='word_1_4' title='bbox 592 201 646 242; x_wconf 82' lang='lat' dir='ltr'><strong>nne.</strong></span> <span class='ocrx_word' id='word_1_5' title='bbox 798 189 846 238; x_wconf 72' lang='lat' dir='ltr'><strong>tet</strong></span> 
     </span>
    </p>
   </div>
   <div class='ocr_carea' id='block_1_2' title="bbox 23 277 854 1858">
    <p class='ocr_par' dir='ltr' id='par_1_2' title="bbox 23 277 849 993">
     <span class='ocr_line' id='line_1_2' title="bbox 60 277 847 346; baseline -0.004 -13"><span class='ocrx_word' id='word_1_6' title='bbox 60 281 171 333; x_wconf 75' lang='lat' dir='ltr'><strong>conabum</strong></span> <span class='ocrx_word' id='word_1_7' title='bbox 186 283 325 346; x_wconf 81' lang='lat' dir='ltr'><strong>oeeupatur3</strong></span> <span class='ocrx_word' id='word_1_8' title='bbox 337 283 360 332; x_wconf 84' lang='lat' dir='ltr'><strong>et</strong></span> <span class='ocrx_word' id='word_1_9' title='bbox 378 279 430 332; x_wconf 90' lang='lat' dir='ltr'><strong>ideo</strong></span> <span class='ocrx_word' id='word_1_10' title='bbox 448 280 473 332; x_wconf 93' lang='lat' dir='ltr'><strong>iu</strong></span> <span class='ocrx_word' id='word_1_11' title='bbox 487 279 572 346; x_wconf 73' lang='lat' dir='ltr'><strong>numiis</strong></span> <span class='ocrx_word' id='word_1_12' title='bbox 591 280 759 332; x_wconf 79' lang='lat' dir='ltr'><strong>consueverunt</strong></span> <span class='ocrx_word' id='word_1_13' title='bbox 778 277 847 343; x_wconf 75' lang='lat' dir='ltr'><strong>signa</strong></span> 
     </span>
     <span class='ocr_line' id='line_1_3' title="bbox 59 350 847 416; baseline -0.003 -12"><span class='ocrx_word' id='word_1_14' title='bbox 59 355 119 406; x_wconf 74' lang='lat' dir='ltr'><strong>mmm</strong></span> <span class='ocrx_word' id='word_1_15' title='bbox 131 351 216 406; x_wconf 75' lang='lat' dir='ltr'><strong>latitia</strong></span> <span class='ocrx_word' id='word_1_16' title='bbox 229 352 343 405; x_wconf 81' lang='lat' dir='ltr'><strong>dissoluta</strong></span> <span class='ocrx_word' id='word_1_17' title='bbox 357 352 456 404; x_wconf 84' lang='lat' dir='ltr'><strong>ostendi.</strong></span> <span class='ocrx_word' id='word_1_18' title='bbox 474 353 604 416; x_wconf 79' lang='lat' dir='ltr'><strong>eapropter</strong></span> <span class='ocrx_word' id='word_1_19' title='bbox 617 353 677 414; x_wconf 87' lang='lat' dir='ltr'><strong>boe,</strong></span> <span class='ocrx_word' id='word_1_20' title='bbox 691 350 738 401; x_wconf 92' lang='lat' dir='ltr'><strong>illis</strong></span> <span class='ocrx_word' id='word_1_21' title='bbox 757 353 847 414; x_wconf 80' lang='lat' dir='ltr'><strong>tempo</strong></span> 
     </span>
     <span class='ocr_line' id='line_1_4' title="bbox 58 421 847 489; baseline -0.005 -13"><span class='ocrx_word' id='word_1_22' title='bbox 58 426 111 477; x_wconf 85' lang='lat' dir='ltr'><strong>ribus</strong></span> <span class='ocrx_word' id='word_1_23' title='bbox 123 425 148 476; x_wconf 93' lang='lat' dir='ltr'><strong>in</strong></span> <span class='ocrx_word' id='word_1_24' title='bbox 157 424 241 489; x_wconf 82' lang='lat' dir='ltr'><strong>quibus</strong></span> <span class='ocrx_word' id='word_1_25' title='bbox 249 425 355 476; x_wconf 88' lang='lat' dir='ltr'><strong>hominos</strong></span> <span class='ocrx_word' id='word_1_26' title='bbox 363 421 479 489; x_wconf 84' lang='lat' dir='ltr'><strong>praeeipud</strong></span> <span class='ocrx_word' id='word_1_27' title='bbox 487 424 570 474; x_wconf 85' lang='lat' dir='ltr'><strong>debent</strong></span> <span class='ocrx_word' id='word_1_28' title='bbox 583 435 607 473; x_wconf 89' lang='lat' dir='ltr'><strong>se</strong></span> <span class='ocrx_word' id='word_1_29' title='bbox 616 422 646 473; x_wconf 90' lang='lat' dir='ltr'><strong>ad</strong></span> <span class='ocrx_word' id='word_1_30' title='bbox 657 421 783 488; x_wconf 80' lang='lat' dir='ltr'><strong>spiritualia</strong></span> <span class='ocrx_word' id='word_1_31' title='bbox 798 423 847 473; x_wconf 88' lang='lat' dir='ltr'><strong>ele·</strong></span> 
     </span>
     <span class='ocr_line' id='line_1_5' title="bbox 58 493 847 562; baseline -0.001 -16"><span class='ocrx_word' id='word_1_32' title='bbox 58 510 117 555; x_wconf 80' lang='lat' dir='ltr'><strong>aare,</strong></span> <span class='ocrx_word' id='word_1_33' title='bbox 136 495 277 562; x_wconf 83' lang='lat' dir='ltr'><strong>prohibitum</strong></span> <span class='ocrx_word' id='word_1_34' title='bbox 300 501 336 548; x_wconf 89' lang='lat' dir='ltr'><strong>ost</strong></span> <span class='ocrx_word' id='word_1_35' title='bbox 355 495 446 559; x_wconf 77' lang='lat' dir='ltr'><strong>nuptias</strong></span> <span class='ocrx_word' id='word_1_36' title='bbox 465 493 580 546; x_wconf 79' lang='lat' dir='ltr'><strong>celebrari.</strong></span> <span class='ocrx_word' id='word_1_37' title='bbox 600 493 648 544; x_wconf 88' lang='lat' dir='ltr'><strong>lloe</strong></span> <span class='ocrx_word' id='word_1_38' title='bbox 669 497 745 544; x_wconf 83' lang='lat' dir='ltr'><strong>autem</strong></span> <span class='ocrx_word' id='word_1_39' title='bbox 762 495 798 546; x_wconf 87' lang='lat' dir='ltr'><strong>est</strong></span> <span class='ocrx_word' id='word_1_40' title='bbox 819 494 847 545; x_wconf 88' lang='lat' dir='ltr'><strong>ab</strong></span> 
     </span>
     <span class='ocr_line' id='line_1_6' title="bbox 58 565 846 634; baseline -0.001 -16"><span class='ocrx_word' id='word_1_41' title='bbox 58 569 155 620; x_wconf 75' lang='lat' dir='ltr'><strong>Adventu</strong></span> <span class='ocrx_word' id='word_1_42' title='bbox 172 581 246 634; x_wconf 87' lang='lat' dir='ltr'><strong>usqua</strong></span> <span class='ocrx_word' id='word_1_43' title='bbox 260 568 290 618; x_wconf 89' lang='lat' dir='ltr'><strong>ad</strong></span> <span class='ocrx_word' id='word_1_44' title='bbox 304 566 565 633; x_wconf 84' lang='lat' dir='ltr'><strong>Epipbauiam,propter</strong></span> <span class='ocrx_word' id='word_1_45' title='bbox 578 565 846 630; x_wconf 69' lang='lat' dir='ltr'><strong>communionemque,</strong></span> 
     </span>
     <span class='ocr_line' id='line_1_7' title="bbox 23 637 848 706; baseline 0 -16"><span class='ocrx_word' id='word_1_46' title='bbox 23 689 24 700; x_wconf 62' lang='grc'>,</span> <span class='ocrx_word' id='word_1_47' title='bbox 59 641 173 692; x_wconf 77' lang='lat' dir='ltr'><strong>seeundum</strong></span> <span class='ocrx_word' id='word_1_48' title='bbox 188 641 297 706; x_wconf 85' lang='lat' dir='ltr'><strong>antiquos</strong></span> <span class='ocrx_word' id='word_1_49' title='bbox 310 652 423 702; x_wconf 86' lang='lat' dir='ltr'><strong>oenones,</strong></span> <span class='ocrx_word' id='word_1_50' title='bbox 438 639 461 690; x_wconf 92' lang='lat' dir='ltr'><strong>in</strong></span> <span class='ocrx_word' id='word_1_51' title='bbox 476 638 603 690; x_wconf 83' lang='lat' dir='ltr'><strong>Natiuitate</strong></span> <span class='ocrx_word' id='word_1_52' title='bbox 620 637 671 690; x_wconf 86' lang='lat' dir='ltr'><strong>fieri</strong></span> <span class='ocrx_word' id='word_1_53' title='bbox 685 638 848 690; x_wconf 85' lang='lat' dir='ltr'><strong>oouusnienter</strong></span> 
     </span>
     <span class='ocr_line' id='line_1_8' title="bbox 60 711 849 779; baseline 0 -17"><span class='ocrx_word' id='word_1_54' title='bbox 60 713 122 776; x_wconf 83' lang='lat' dir='ltr'><strong>solet3</strong></span> <span class='ocrx_word' id='word_1_55' title='bbox 139 716 163 764; x_wconf 86' lang='lat' dir='ltr'><strong>et</strong></span> <span class='ocrx_word' id='word_1_56' title='bbox 175 711 189 764; x_wconf 80' lang='lat' dir='ltr'><strong>d</strong></span> <span class='ocrx_word' id='word_1_57' title='bbox 199 713 371 779; x_wconf 75' lang='lat' dir='ltr'><strong>septuagesima</strong></span> <span class='ocrx_word' id='word_1_58' title='bbox 386 723 460 777; x_wconf 82' lang='lat' dir='ltr'><strong>usque</strong></span> <span class='ocrx_word' id='word_1_59' title='bbox 478 712 506 762; x_wconf 87' lang='lat' dir='ltr'><strong>ad</strong></span> <span class='ocrx_word' id='word_1_60' title='bbox 521 715 613 763; x_wconf 82' lang='lat' dir='ltr'><strong>octavas</strong></span> <span class='ocrx_word' id='word_1_61' title='bbox 631 712 738 774; x_wconf 81' lang='lat' dir='ltr'><strong>Psaobm,</strong></span> <span class='ocrx_word' id='word_1_62' title='bbox 756 713 849 776; x_wconf 88' lang='lat' dir='ltr'><strong>propter</strong></span> 
     </span>
     <span class='ocr_line' id='line_1_9' title="bbox 23 781 847 850; baseline 0.002 -16"><span class='ocrx_word' id='word_1_63' title='bbox 23 781 24 790; x_wconf 75' lang='grc'>’</span> <span class='ocrx_word' id='word_1_64' title='bbox 61 785 234 836; x_wconf 75' lang='lat' dir='ltr'><strong>numunianum</strong></span> <span class='ocrx_word' id='word_1_65' title='bbox 243 781 677 850; x_wconf 83' lang='lat' dir='ltr'><strong>pesebalem;etdtribnsdiebusanie</strong></span> <span class='ocrx_word' id='word_1_66' title='bbox 686 782 847 836; x_wconf 66' lang='lat' dir='ltr'><strong>escensionem</strong></span> 
     </span>
     <span class='ocr_line' id='line_1_10' title="bbox 61 853 849 920; baseline 0.003 -16"><span class='ocrx_word' id='word_1_67' title='bbox 61 867 123 920; x_wconf 73' lang='lat' dir='ltr'><strong>usque</strong></span> <span class='ocrx_word' id='word_1_68' title='bbox 144 856 172 906; x_wconf 91' lang='lat' dir='ltr'><strong>ad</strong></span> <span class='ocrx_word' id='word_1_69' title='bbox 192 860 286 908; x_wconf 82' lang='lat' dir='ltr'><strong>octavas</strong></span> <span class='ocrx_word' id='word_1_70' title='bbox 306 857 472 920; x_wconf 76' lang='lat' dir='ltr'><strong>Pentecosten,</strong></span> <span class='ocrx_word' id='word_1_71' title='bbox 489 860 583 920; x_wconf 80' lang='lat' dir='ltr'><strong>propter</strong></span> <span class='ocrx_word' id='word_1_72' title='bbox 609 853 797 920; x_wconf 73' lang='lat' dir='ltr'><strong>preparationem</strong></span> <span class='ocrx_word' id='word_1_73' title='bbox 820 853 849 906; x_wconf 88' lang='lat' dir='ltr'><strong>ad</strong></span> 
     </span>
     <span class='ocr_line' id='line_1_11' title="bbox 61 927 558 993; baseline 0 -16"><span class='ocrx_word' id='word_1_74' title='bbox 61 928 235 980; x_wconf 83' lang='lat' dir='ltr'><strong>communionem</strong></span> <span class='ocrx_word' id='word_1_75' title='bbox 244 927 286 980; x_wconf 90' lang='lat' dir='ltr'><strong>illo</strong></span> <span class='ocrx_word' id='word_1_76' title='bbox 299 931 401 993; x_wconf 82' lang='lat' dir='ltr'><strong>tempore</strong></span> <span class='ocrx_word' id='word_1_77' title='bbox 417 929 558 980; x_wconf 81' lang='lat' dir='ltr'><strong>sumendam.</strong></span> 
     </span>
    </p>

    <p class='ocr_par' dir='ltr' id='par_1_3' title="bbox 59 997 851 1206">
     <span class='ocr_line' id='line_1_12' title="bbox 85 997 851 1064; baseline 0.001 -16"><span class='ocrx_word' id='word_1_78' title='bbox 85 999 116 1050; x_wconf 89' lang='lat' dir='ltr'><strong>ld</strong></span> <span class='ocrx_word' id='word_1_79' title='bbox 137 999 238 1063; x_wconf 88' lang='lat' dir='ltr'><strong>primam</strong></span> <span class='ocrx_word' id='word_1_80' title='bbox 259 1011 314 1064; x_wconf 70' lang='lat' dir='ltr'><strong>ergo</strong></span> <span class='ocrx_word' id='word_1_81' title='bbox 336 999 473 1063; x_wconf 78' lang='lat' dir='ltr'><strong>dicendum,</strong></span> <span class='ocrx_word' id='word_1_82' title='bbox 486 998 546 1064; x_wconf 87' lang='lat' dir='ltr'><strong>qudd</strong></span> <span class='ocrx_word' id='word_1_83' title='bbox 570 998 692 1050; x_wconf 80' lang='lat' dir='ltr'><strong>celebratio</strong></span> <span class='ocrx_word' id='word_1_84' title='bbox 713 997 851 1049; x_wconf 85' lang='lat' dir='ltr'><strong>matrimonii</strong></span> 
     </span>
     <span class='ocr_line' id='line_1_13' title="bbox 60 1069 847 1136; baseline 0 -16"><span class='ocrx_word' id='word_1_85' title='bbox 60 1069 120 1122; x_wconf 88' lang='lat' dir='ltr'><strong>babet</strong></span> <span class='ocrx_word' id='word_1_86' title='bbox 131 1071 230 1136; x_wconf 84' lang='lat' dir='ltr'><strong>aliquam</strong></span> <span class='ocrx_word' id='word_1_87' title='bbox 252 1072 390 1126; x_wconf 83' lang='lat' dir='ltr'><strong>mundanam</strong></span> <span class='ocrx_word' id='word_1_88' title='bbox 407 1072 512 1125; x_wconf 77' lang='lat' dir='ltr'><strong>latidum</strong></span> <span class='ocrx_word' id='word_1_89' title='bbox 529 1075 554 1121; x_wconf 89' lang='lat' dir='ltr'><strong>et</strong></span> <span class='ocrx_word' id='word_1_90' title='bbox 574 1071 688 1122; x_wconf 82' lang='lat' dir='ltr'><strong>carnalem</strong></span> <span class='ocrx_word' id='word_1_91' title='bbox 703 1071 847 1135; x_wconf 79' lang='lat' dir='ltr'><strong>adjunotam3</strong></span> 
     </span>
     <span class='ocr_line' id='line_1_14' title="bbox 59 1143 800 1206; baseline 0 -13"><span class='ocrx_word' id='word_1_92' title='bbox 59 1145 111 1206; x_wconf 80' lang='lat' dir='ltr'><strong>quod</strong></span> <span class='ocrx_word' id='word_1_93' title='bbox 124 1157 170 1196; x_wconf 90' lang='lat' dir='ltr'><strong>uon</strong></span> <span class='ocrx_word' id='word_1_94' title='bbox 183 1149 220 1196; x_wconf 87' lang='lat' dir='ltr'><strong>est</strong></span> <span class='ocrx_word' id='word_1_95' title='bbox 229 1145 259 1196; x_wconf 90' lang='lat' dir='ltr'><strong>de</strong></span> <span class='ocrx_word' id='word_1_96' title='bbox 272 1144 324 1196; x_wconf 88' lang='lat' dir='ltr'><strong>aliis</strong></span> <span class='ocrx_word' id='word_1_97' title='bbox 337 1143 494 1197; x_wconf 85' lang='lat' dir='ltr'><strong>sacramentis.</strong></span> <span class='ocrx_word' id='word_1_98' title='bbox 506 1145 535 1195; x_wconf 80' lang='lat' dir='ltr'><strong>Et</strong></span> <span class='ocrx_word' id='word_1_99' title='bbox 546 1144 598 1196; x_wconf 89' lang='lat' dir='ltr'><strong>ideo</strong></span> <span class='ocrx_word' id='word_1_100' title='bbox 611 1157 658 1195; x_wconf 89' lang='lat' dir='ltr'><strong>nou</strong></span> <span class='ocrx_word' id='word_1_101' title='bbox 672 1145 707 1194; x_wconf 87' lang='lat' dir='ltr'><strong>est</strong></span> <span class='ocrx_word' id='word_1_102' title='bbox 716 1143 800 1195; x_wconf 90' lang='lat' dir='ltr'><strong>simile.</strong></span> 
     </span>
    </p>

    <p class='ocr_par' dir='ltr' id='par_1_4' title="bbox 60 1213 852 1422">
     <span class='ocr_line' id='line_1_15' title="bbox 85 1213 851 1281; baseline 0 -17"><span class='ocrx_word' id='word_1_103' title='bbox 85 1217 116 1266; x_wconf 84' lang='lat' dir='ltr'><strong>ld</strong></span> <span class='ocrx_word' id='word_1_104' title='bbox 128 1218 253 1268; x_wconf 86' lang='lat' dir='ltr'><strong>secundun</strong></span> <span class='ocrx_word' id='word_1_105' title='bbox 267 1215 403 1278; x_wconf 84' lang='lat' dir='ltr'><strong>dicendum,</strong></span> <span class='ocrx_word' id='word_1_106' title='bbox 416 1215 477 1281; x_wconf 81' lang='lat' dir='ltr'><strong>quod</strong></span> <span class='ocrx_word' id='word_1_107' title='bbox 495 1229 542 1268; x_wconf 91' lang='lat' dir='ltr'><strong>uon</strong></span> <span class='ocrx_word' id='word_1_108' title='bbox 559 1215 585 1266; x_wconf 86' lang='lat' dir='ltr'><strong>ot</strong></span> <span class='ocrx_word' id='word_1_109' title='bbox 596 1218 660 1266; x_wconf 85' lang='lat' dir='ltr'><strong>tenta</strong></span> <span class='ocrx_word' id='word_1_110' title='bbox 674 1213 790 1266; x_wconf 79' lang='lat' dir='ltr'><strong>distractio</strong></span> <span class='ocrx_word' id='word_1_111' title='bbox 802 1214 851 1265; x_wconf 88' lang='lat' dir='ltr'><strong>eui·</strong></span> 
     </span>
     <span class='ocr_line' id='line_1_16' title="bbox 60 1286 852 1352; baseline 0.004 -15"><span class='ocrx_word' id='word_1_112' title='bbox 60 1298 138 1338; x_wconf 86' lang='lat' dir='ltr'><strong>namn</strong></span> <span class='ocrx_word' id='word_1_113' title='bbox 150 1287 176 1338; x_wconf 90' lang='lat' dir='ltr'><strong>in</strong></span> <span class='ocrx_word' id='word_1_114' title='bbox 186 1287 315 1339; x_wconf 88' lang='lat' dir='ltr'><strong>redditione</strong></span> <span class='ocrx_word' id='word_1_115' title='bbox 322 1288 360 1338; x_wconf 81' lang='lat' dir='ltr'><strong>uel</strong></span> <span class='ocrx_word' id='word_1_116' title='bbox 373 1288 485 1352; x_wconf 85' lang='lat' dir='ltr'><strong>petitione</strong></span> <span class='ocrx_word' id='word_1_117' title='bbox 499 1287 583 1352; x_wconf 88' lang='lat' dir='ltr'><strong>debiti,</strong></span> <span class='ocrx_word' id='word_1_118' title='bbox 593 1287 653 1339; x_wconf 82' lang='lat' dir='ltr'><strong>sicud</strong></span> <span class='ocrx_word' id='word_1_119' title='bbox 664 1287 689 1337; x_wconf 95' lang='lat' dir='ltr'><strong>in</strong></span> <span class='ocrx_word' id='word_1_120' title='bbox 700 1286 852 1340; x_wconf 83' lang='lat' dir='ltr'><strong>celebratione</strong></span> 
     </span>
     <span class='ocr_line' id='line_1_17' title="bbox 61 1358 508 1422; baseline 0.007 -15"><span class='ocrx_word' id='word_1_121' title='bbox 61 1358 189 1422; x_wconf 87' lang='lat' dir='ltr'><strong>nuptiarum.</strong></span> <span class='ocrx_word' id='word_1_122' title='bbox 201 1359 233 1415; x_wconf 86' lang='lat' dir='ltr'><strong>lit</strong></span> <span class='ocrx_word' id='word_1_123' title='bbox 246 1359 298 1413; x_wconf 88' lang='lat' dir='ltr'><strong>ideo</strong></span> <span class='ocrx_word' id='word_1_124' title='bbox 314 1373 361 1412; x_wconf 89' lang='lat' dir='ltr'><strong>nou</strong></span> <span class='ocrx_word' id='word_1_125' title='bbox 375 1363 410 1410; x_wconf 84' lang='lat' dir='ltr'><strong>est</strong></span> <span class='ocrx_word' id='word_1_126' title='bbox 424 1359 508 1411; x_wconf 88' lang='lat' dir='ltr'><strong>simile.</strong></span> 
     </span>
    </p>

    <p class='ocr_par' dir='ltr' id='par_1_5' title="bbox 61 1430 854 1858">
     <span class='ocr_line' id='line_1_18' title="bbox 86 1430 853 1497; baseline 0.005 -17"><span class='ocrx_word' id='word_1_127' title='bbox 86 1431 117 1481; x_wconf 86' lang='lat' dir='ltr'><strong>ild</strong></span> <span class='ocrx_word' id='word_1_128' title='bbox 130 1433 226 1483; x_wconf 87' lang='lat' dir='ltr'><strong>tertium</strong></span> <span class='ocrx_word' id='word_1_129' title='bbox 240 1431 359 1482; x_wconf 79' lang='lat' dir='ltr'><strong>dicendum</strong></span> <span class='ocrx_word' id='word_1_130' title='bbox 371 1469 378 1497; x_wconf 90' lang='lat'><strong>,</strong></span> <span class='ocrx_word' id='word_1_131' title='bbox 392 1431 452 1495; x_wconf 86' lang='lat' dir='ltr'><strong>qudd</strong></span> <span class='ocrx_word' id='word_1_132' title='bbox 467 1431 519 1482; x_wconf 83' lang='lat' dir='ltr'><strong>edm</strong></span> <span class='ocrx_word' id='word_1_133' title='bbox 530 1435 622 1496; x_wconf 90' lang='lat' dir='ltr'><strong>tempus</strong></span> <span class='ocrx_word' id='word_1_134' title='bbox 635 1443 682 1482; x_wconf 91' lang='lat' dir='ltr'><strong>nou</strong></span> <span class='ocrx_word' id='word_1_135' title='bbox 695 1430 725 1482; x_wconf 88' lang='lat' dir='ltr'><strong>sit</strong></span> <span class='ocrx_word' id='word_1_136' title='bbox 734 1430 762 1482; x_wconf 89' lang='lat' dir='ltr'><strong>de</strong></span> <span class='ocrx_word' id='word_1_137' title='bbox 775 1444 853 1484; x_wconf 86' lang='lat' dir='ltr'><strong>esseu-</strong></span> 
     </span>
     <span class='ocr_line' id='line_1_19' title="bbox 62 1502 853 1568; baseline 0.001 -14"><span class='ocrx_word' id='word_1_138' title='bbox 62 1502 88 1554; x_wconf 85' lang='lat' dir='ltr'><strong>tia</strong></span> <span class='ocrx_word' id='word_1_139' title='bbox 101 1503 255 1567; x_wconf 86' lang='lat' dir='ltr'><strong>matrimonii,</strong></span> <span class='ocrx_word' id='word_1_140' title='bbox 269 1505 291 1554; x_wconf 89' lang='lat' dir='ltr'><strong>si</strong></span> <span class='ocrx_word' id='word_1_141' title='bbox 303 1504 328 1556; x_wconf 93' lang='lat' dir='ltr'><strong>in</strong></span> <span class='ocrx_word' id='word_1_142' title='bbox 346 1507 448 1568; x_wconf 86' lang='lat' dir='ltr'><strong>tempore</strong></span> <span class='ocrx_word' id='word_1_143' title='bbox 466 1503 568 1555; x_wconf 87' lang='lat' dir='ltr'><strong>indebito</strong></span> <span class='ocrx_word' id='word_1_144' title='bbox 589 1504 750 1565; x_wconf 82' lang='lat' dir='ltr'><strong>contrahatur,</strong></span> <span class='ocrx_word' id='word_1_145' title='bbox 765 1503 853 1555; x_wconf 88' lang='lat' dir='ltr'><strong>nibilo-</strong></span> 
     </span>
     <span class='ocr_line' id='line_1_20' title="bbox 62 1575 853 1642; baseline 0.005 -18"><span class='ocrx_word' id='word_1_146' title='bbox 62 1575 227 1628; x_wconf 71' lang='lat' dir='ltr'><strong>ministerum</strong></span> <span class='ocrx_word' id='word_1_147' title='bbox 245 1579 281 1628; x_wconf 84' lang='lat' dir='ltr'><strong>est</strong></span> <span class='ocrx_word' id='word_1_148' title='bbox 292 1581 471 1642; x_wconf 72' lang='lat' dir='ltr'><strong>sacramentum,</strong></span> <span class='ocrx_word' id='word_1_149' title='bbox 490 1589 532 1628; x_wconf 85' lang='lat' dir='ltr'><strong>neo</strong></span> <span class='ocrx_word' id='word_1_150' title='bbox 549 1580 666 1642; x_wconf 87' lang='lat' dir='ltr'><strong>separatur</strong></span> <span class='ocrx_word' id='word_1_151' title='bbox 685 1576 853 1628; x_wconf 90' lang='lat' dir='ltr'><strong>matrimonium</strong></span> 
     </span>
     <span class='ocr_line' id='line_1_21' title="bbox 62 1645 854 1714; baseline 0.009 -19"><span class='ocrx_word' id='word_1_152' title='bbox 62 1645 193 1714; x_wconf 85' lang='lat' dir='ltr'><strong>simpliciter,</strong></span> <span class='ocrx_word' id='word_1_153' title='bbox 206 1649 248 1700; x_wconf 81' lang='lat' dir='ltr'><strong>sed</strong></span> <span class='ocrx_word' id='word_1_154' title='bbox 261 1649 288 1700; x_wconf 91' lang='lat' dir='ltr'><strong>ad</strong></span> <span class='ocrx_word' id='word_1_155' title='bbox 298 1650 397 1712; x_wconf 87' lang='lat' dir='ltr'><strong>tempus,</strong></span> <span class='ocrx_word' id='word_1_156' title='bbox 411 1650 437 1698; x_wconf 88' lang='lat' dir='ltr'><strong>ut</strong></span> <span class='ocrx_word' id='word_1_157' title='bbox 446 1647 605 1713; x_wconf 80' lang='lat' dir='ltr'><strong>paenitentiam</strong></span> <span class='ocrx_word' id='word_1_158' title='bbox 616 1650 686 1710; x_wconf 74' lang='lat' dir='ltr'><strong>agant</strong></span> <span class='ocrx_word' id='word_1_159' title='bbox 698 1647 726 1697; x_wconf 90' lang='lat' dir='ltr'><strong>de</strong></span> <span class='ocrx_word' id='word_1_160' title='bbox 739 1647 783 1698; x_wconf 92' lang='lat' dir='ltr'><strong>boo</strong></span> <span class='ocrx_word' id='word_1_161' title='bbox 793 1649 854 1713; x_wconf 83' lang='lat' dir='ltr'><strong>quod</strong></span> 
     </span>
     <span class='ocr_line' id='line_1_22' title="bbox 61 1717 853 1785; baseline -0.001 -14"><span class='ocrx_word' id='word_1_162' title='bbox 61 1723 158 1774; x_wconf 81' lang='lat' dir='ltr'><strong>sumum</strong></span> <span class='ocrx_word' id='word_1_163' title='bbox 175 1721 286 1772; x_wconf 80' lang='lat' dir='ltr'><strong>Eeelesia</strong></span> <span class='ocrx_word' id='word_1_164' title='bbox 300 1723 354 1772; x_wconf 85' lang='lat' dir='ltr'><strong>sunl</strong></span> <span class='ocrx_word' id='word_1_165' title='bbox 366 1721 512 1785; x_wconf 76' lang='lat' dir='ltr'><strong>transgressi.</strong></span> <span class='ocrx_word' id='word_1_166' title='bbox 528 1721 557 1770; x_wconf 83' lang='lat' dir='ltr'><strong>Et</strong></span> <span class='ocrx_word' id='word_1_167' title='bbox 573 1717 607 1770; x_wconf 87' lang='lat' dir='ltr'><strong>sie</strong></span> <span class='ocrx_word' id='word_1_168' title='bbox 624 1722 660 1770; x_wconf 89' lang='lat' dir='ltr'><strong>est</strong></span> <span class='ocrx_word' id='word_1_169' title='bbox 677 1719 853 1783; x_wconf 71' lang='lat' dir='ltr'><strong>intelligendum</strong></span> 
     </span>
     <span class='ocr_line' id='line_1_23' title="bbox 63 1791 853 1858; baseline -0.001 -14"><span class='ocrx_word' id='word_1_170' title='bbox 63 1793 114 1855; x_wconf 79' lang='lat' dir='ltr'><strong>quod</strong></span> <span class='ocrx_word' id='word_1_171' title='bbox 124 1793 232 1858; x_wconf 76' lang='lat' dir='ltr'><strong>Magister</strong></span> <span class='ocrx_word' id='word_1_172' title='bbox 248 1791 302 1844; x_wconf 85' lang='lat' dir='ltr'><strong>dieit</strong></span> <span class='ocrx_word' id='word_1_173' title='bbox 315 1791 341 1844; x_wconf 89' lang='lat' dir='ltr'><strong>iu</strong></span> <span class='ocrx_word' id='word_1_174' title='bbox 356 1792 432 1844; x_wconf 84' lang='lat' dir='ltr'><strong>littera</strong></span> <span class='ocrx_word' id='word_1_175' title='bbox 446 1793 500 1857; x_wconf 75' lang='lat' dir='ltr'><strong>(lli.</strong></span> <span class='ocrx_word' id='word_1_176' title='bbox 515 1793 594 1851; x_wconf 69' lang='lat' dir='ltr'><strong>Seni„</strong></span> <span class='ocrx_word' id='word_1_177' title='bbox 606 1791 663 1842; x_wconf 88' lang='lat' dir='ltr'><strong>dist.</strong></span> <span class='ocrx_word' id='word_1_178' title='bbox 684 1795 723 1854; x_wconf 73' lang='lat' dir='ltr'><strong>ti,</strong></span> <span class='ocrx_word' id='word_1_179' title='bbox 736 1793 751 1857; x_wconf 65' lang='grc' dir='ltr'>ς</span> <span class='ocrx_word' id='word_1_180' title='bbox 764 1793 793 1854; x_wconf 81' lang='lat' dir='ltr'><strong>til</strong></span> <span class='ocrx_word' id='word_1_181' title='bbox 808 1793 853 1858; x_wconf 81' lang='lat' dir='ltr'><strong>(l).</strong></span> 
     </span>
    </p>
   </div>
   <div class='ocr_carea' id='block_1_3' title="bbox 63 1907 858 2416">
    <p class='ocr_par' dir='ltr' id='par_1_6' title="bbox 63 1907 858 2416">
     <span class='ocr_line' id='line_1_24' title="bbox 90 1907 857 1971; baseline 0.008 -15"><span class='ocrx_word' id='word_1_182' title='bbox 90 1907 118 1971; x_wconf 78' lang='lat' dir='ltr'><strong>(i)</strong></span> <span class='ocrx_word' id='word_1_183' title='bbox 132 1913 224 1969; x_wconf 80' lang='lat' dir='ltr'><strong>Nempe</strong></span> <span class='ocrx_word' id='word_1_184' title='bbox 235 1911 296 1968; x_wconf 87' lang='lat' dir='ltr'><strong>qudd</strong></span> <span class='ocrx_word' id='word_1_185' title='bbox 310 1912 331 1958; x_wconf 87' lang='lat' dir='ltr'><strong>si</strong></span> <span class='ocrx_word' id='word_1_186' title='bbox 344 1912 458 1970; x_wconf 74' lang='lat' dir='ltr'><strong>praedietis</strong></span> <span class='ocrx_word' id='word_1_187' title='bbox 473 1913 615 1970; x_wconf 88' lang='lat' dir='ltr'><strong>temporibus</strong></span> <span class='ocrx_word' id='word_1_188' title='bbox 627 1913 713 1960; x_wconf 82' lang='lat' dir='ltr'><strong>laetum</strong></span> <span class='ocrx_word' id='word_1_189' title='bbox 727 1913 796 1960; x_wconf 86' lang='lat' dir='ltr'><strong>inerit</strong></span> <span class='ocrx_word' id='word_1_190' title='bbox 807 1927 857 1962; x_wconf 87' lang='lat' dir='ltr'><strong>nra·</strong></span> 
     </span>
     <span class='ocr_line' id='line_1_25' title="bbox 63 1973 857 2036; baseline 0.011 -21"><span class='ocrx_word' id='word_1_191' title='bbox 63 1973 188 2022; x_wconf 75' lang='lat' dir='ltr'><strong>aimonium</strong></span> <span class='ocrx_word' id='word_1_192' title='bbox 201 2007 208 2032; x_wconf 88' lang='lat'>‚</span> <span class='ocrx_word' id='word_1_193' title='bbox 223 1975 272 2020; x_wconf 85' lang='lat' dir='ltr'><strong>sire</strong></span> <span class='ocrx_word' id='word_1_194' title='bbox 284 1975 370 2032; x_wconf 78' lang='lat' dir='ltr'><strong>nuptlm</strong></span> <span class='ocrx_word' id='word_1_195' title='bbox 381 1977 503 2022; x_wconf 82' lang='lat' dir='ltr'><strong>celebratae</strong></span> <span class='ocrx_word' id='word_1_196' title='bbox 515 2009 521 2034; x_wconf 90' lang='lat'><strong>,</strong></span> <span class='ocrx_word' id='word_1_197' title='bbox 531 1977 570 2032; x_wconf 86' lang='lat' dir='ltr'><strong>qui</strong></span> <span class='ocrx_word' id='word_1_198' title='bbox 581 1977 625 2021; x_wconf 89' lang='lat' dir='ltr'><strong>boe</strong></span> <span class='ocrx_word' id='word_1_199' title='bbox 635 1975 732 2022; x_wconf 85' lang='lat' dir='ltr'><strong>iecerint</strong></span> <span class='ocrx_word' id='word_1_200' title='bbox 744 1990 857 2036; x_wconf 68' lang='lat' dir='ltr'><strong>soporem</strong></span> 
     </span>
     <span class='ocr_line' id='line_1_26' title="bbox 65 2037 857 2099; baseline 0.01 -20"><span class='ocrx_word' id='word_1_201' title='bbox 65 2039 109 2082; x_wconf 82' lang='lat' dir='ltr'><strong>tur.</strong></span> <span class='ocrx_word' id='word_1_202' title='bbox 121 2040 169 2084; x_wconf 72' lang='lat' dir='ltr'><strong>lieo</strong></span> <span class='ocrx_word' id='word_1_203' title='bbox 182 2037 197 2083; x_wconf 82' lang='lat' dir='ltr'><strong>d</strong></span> <span class='ocrx_word' id='word_1_204' title='bbox 212 2038 290 2094; x_wconf 81' lang='lat' dir='ltr'><strong>seipso</strong></span> <span class='ocrx_word' id='word_1_205' title='bbox 301 2037 373 2097; x_wconf 80' lang='lat' dir='ltr'><strong>dicit,</strong></span> <span class='ocrx_word' id='word_1_206' title='bbox 386 2039 427 2084; x_wconf 89' lang='lat' dir='ltr'><strong>sed</strong></span> <span class='ocrx_word' id='word_1_207' title='bbox 440 2051 469 2084; x_wconf 86' lang='lat' dir='ltr'><strong>ex</strong></span> <span class='ocrx_word' id='word_1_208' title='bbox 478 2040 592 2085; x_wconf 86' lang='lat' dir='ltr'><strong>canonico</strong></span> <span class='ocrx_word' id='word_1_209' title='bbox 601 2043 687 2086; x_wconf 88' lang='lat' dir='ltr'><strong>statuto</strong></span> <span class='ocrx_word' id='word_1_210' title='bbox 700 2040 787 2099; x_wconf 84' lang='lat' dir='ltr'><strong>retest,</strong></span> <span class='ocrx_word' id='word_1_211' title='bbox 801 2041 857 2098; x_wconf 78' lang='lat' dir='ltr'><strong>puta</strong></span> 
     </span>
     <span class='ocr_line' id='line_1_27' title="bbox 65 2101 857 2162; baseline 0.005 -18"><span class='ocrx_word' id='word_1_212' title='bbox 65 2110 88 2144; x_wconf 88' lang='lat' dir='ltr'><strong>er</strong></span> <span class='ocrx_word' id='word_1_213' title='bbox 102 2101 200 2151; x_wconf 80' lang='lat' dir='ltr'><strong>oonsilio</strong></span> <span class='ocrx_word' id='word_1_214' title='bbox 222 2101 349 2162; x_wconf 83' lang='lat' dir='ltr'><strong>ilerdensi,</strong></span> <span class='ocrx_word' id='word_1_215' title='bbox 370 2102 404 2147; x_wconf 87' lang='lat' dir='ltr'><strong>siu</strong></span> <span class='ocrx_word' id='word_1_216' title='bbox 426 2101 451 2146; x_wconf 91' lang='lat' dir='ltr'><strong>in</strong></span> <span class='ocrx_word' id='word_1_217' title='bbox 469 2102 575 2148; x_wconf 76' lang='lat' dir='ltr'><strong>Decretis</strong></span> <span class='ocrx_word' id='word_1_218' title='bbox 598 2101 764 2160; x_wconf 75' lang='lat' dir='ltr'><strong>concludente,</strong></span> <span class='ocrx_word' id='word_1_219' title='bbox 784 2101 857 2149; x_wconf 76' lang='lat' dir='ltr'><strong>(lausi</strong></span> 
     </span>
     <span class='ocr_line' id='line_1_28' title="bbox 65 2163 857 2224; baseline 0 -14"><span class='ocrx_word' id='word_1_220' title='bbox 65 2163 164 2224; x_wconf 74' lang='lat' dir='ltr'><strong>ffllll,</strong></span> <span class='ocrx_word' id='word_1_221' title='bbox 179 2176 222 2221; x_wconf 87' lang='lat' dir='ltr'><strong>qu.</strong></span> <span class='ocrx_word' id='word_1_222' title='bbox 239 2163 270 2217; x_wconf 76' lang='grc'><strong>4,</strong></span> <span class='ocrx_word' id='word_1_223' title='bbox 284 2175 337 2221; x_wconf 85' lang='lat' dir='ltr'><strong>oap.</strong></span> <span class='ocrx_word' id='word_1_224' title='bbox 352 2165 510 2222; x_wconf 71' lang='lat' dir='ltr'><strong>anseperto</strong></span> <span class='ocrx_word' id='word_1_225' title='bbox 529 2167 604 2214; x_wconf 82' lang='lat' dir='ltr'><strong>:Non</strong></span> <span class='ocrx_word' id='word_1_226' title='bbox 617 2169 709 2223; x_wconf 78' lang='lat' dir='ltr'><strong>oportet</strong></span> <span class='ocrx_word' id='word_1_227' title='bbox 723 2166 739 2210; x_wconf 83' lang='lat' dir='ltr'><strong>d</strong></span> <span class='ocrx_word' id='word_1_228' title='bbox 751 2165 857 2224; x_wconf 78' lang='lat' dir='ltr'><strong>Septua-</strong></span> 
     </span>
     <span class='ocr_line' id='line_1_29' title="bbox 65 2227 857 2286; baseline 0.005 -17"><span class='ocrx_word' id='word_1_229' title='bbox 65 2228 147 2280; x_wconf 75' lang='lat' dir='ltr'><strong>perimo</strong></span> <span class='ocrx_word' id='word_1_230' title='bbox 162 2238 240 2286; x_wconf 74' lang='lat' dir='ltr'><strong>saque</strong></span> <span class='ocrx_word' id='word_1_231' title='bbox 254 2229 284 2272; x_wconf 65' lang='grc' dir='ltr'><strong>ἐκ</strong></span> <span class='ocrx_word' id='word_1_232' title='bbox 302 2231 396 2276; x_wconf 80' lang='lat' dir='ltr'><strong>oeieeoe</strong></span> <span class='ocrx_word' id='word_1_233' title='bbox 411 2227 525 2279; x_wconf 75' lang='lat' dir='ltr'><strong>Peteliae,</strong></span> <span class='ocrx_word' id='word_1_234' title='bbox 537 2232 559 2274; x_wconf 84' lang='lat' dir='ltr'><strong>ei</strong></span> <span class='ocrx_word' id='word_1_235' title='bbox 575 2228 653 2274; x_wconf 69' lang='lat' dir='ltr'><strong>totto·</strong></span> <span class='ocrx_word' id='word_1_236' title='bbox 672 2227 857 2274; x_wconf 65' lang='lat' dir='ltr'><strong>bebdomadibus</strong></span> 
     </span>
     <span class='ocr_line' id='line_1_30' title="bbox 66 2289 858 2350; baseline 0.006 -19"><span class='ocrx_word' id='word_1_237' title='bbox 66 2290 114 2334; x_wconf 83' lang='lat' dir='ltr'><strong>oete</strong></span> <span class='ocrx_word' id='word_1_238' title='bbox 130 2291 286 2350; x_wconf 71' lang='lat' dir='ltr'><strong>festivitatem</strong></span> <span class='ocrx_word' id='word_1_239' title='bbox 298 2291 323 2336; x_wconf 84' lang='lat' dir='ltr'><strong>S.</strong></span> <span class='ocrx_word' id='word_1_240' title='bbox 338 2291 442 2336; x_wconf 79' lang='lat' dir='ltr'><strong>Jooame&#39;s</strong></span> <span class='ocrx_word' id='word_1_241' title='bbox 456 2291 588 2349; x_wconf 72' lang='lat' dir='ltr'><strong>baptistae,</strong></span> <span class='ocrx_word' id='word_1_242' title='bbox 602 2296 624 2338; x_wconf 84' lang='lat' dir='ltr'><strong>at</strong></span> <span class='ocrx_word' id='word_1_243' title='bbox 638 2291 667 2336; x_wconf 82' lang='lat' dir='ltr'><strong>ab</strong></span> <span class='ocrx_word' id='word_1_244' title='bbox 680 2289 794 2338; x_wconf 77' lang='lat' dir='ltr'><strong>Adventus</strong></span> <span class='ocrx_word' id='word_1_245' title='bbox 806 2290 858 2336; x_wconf 79' lang='lat' dir='ltr'><strong>ou-</strong></span> 
     </span>
     <span class='ocr_line' id='line_1_31' title="bbox 67 2352 714 2416; baseline 0.009 -22"><span class='ocrx_word' id='word_1_246' title='bbox 67 2352 124 2399; x_wconf 81' lang='lat' dir='ltr'><strong>mine‘</strong></span> <span class='ocrx_word' id='word_1_247' title='bbox 135 2365 212 2416; x_wconf 69' lang='lat' dir='ltr'><strong>usqne</strong></span> <span class='ocrx_word' id='word_1_248' title='bbox 221 2356 278 2414; x_wconf 78' lang='lat' dir='ltr'><strong>poet</strong></span> <span class='ocrx_word' id='word_1_249' title='bbox 290 2353 458 2416; x_wconf 78' lang='lat' dir='ltr'><strong>Epipbooiom</strong></span> <span class='ocrx_word' id='word_1_250' title='bbox 470 2355 571 2414; x_wconf 72' lang='lat' dir='ltr'><strong>amptius</strong></span> <span class='ocrx_word' id='word_1_251' title='bbox 585 2353 714 2404; x_wconf 73' lang='lat' dir='ltr'><strong>salebram.</strong></span> 
     </span>
    </p>
   </div>
   <div class='ocr_carea' id='block_1_4' title="bbox 0 0 1033 3330">
    <p class='ocr_par' dir='ltr' id='par_1_7' title="bbox 0 0 1033 3330">
     <span class='ocr_line' id='line_1_32' title="bbox 0 0 1033 3330; baseline 0 0"><span class='ocrx_word' id='word_1_252' title='bbox 0 0 1033 3330; x_wconf 95' lang='lat' dir='ltr'><strong> </strong></span> 
     </span>
    </p>
   </div>
  </div>
 </body>
</html>
