1954 3314
219 191 253 227 or
265 187 396 226 citnaram
410 185 540 224 ooaronurr
555 184 689 224 santonus.
791 169 793 176 ’
812 187 857 232 533

353 367 515 418 nnrlcdtds
530 367 557 416 ll.

26 561 27 566 ¹
41 498 146 544 Utrrlm
156 495 257 542 chrima
270 495 374 551 comerio
388 493 486 600 ploriolsi
502 493 576 549 possit
585 493 662 538 videri
671 493 686 536 d
694 505 741 537 noa
752 493 854 548 plorioso

418 567 461 599 ocu
472 567 493 598 a.

81 690 120 740 nd
141 685 265 738 secundnm
279 685 313 736 sio
324 683 461 748 proceditur.
475 681 567 733 Videtur
577 682 637 746 qndd
651 682 741 733 claritas
753 683 855 747 corporis

40 759 154 824 gloriosi
169 769 216 806 nou
230 755 312 820 poterit
320 755 394 806 videri
408 755 474 804 anon
486 755 584 816 glomoso
599 755 671 804 oculo.
684 756 779 818 Oportet
792 755 854 804 enim

41 841 109 881 esse
119 826 289 892 proportionem
303 825 398 876 risibilis
411 827 438 874 ad
455 823 539 874 visum.
549 825 594 874 sed
608 825 687 874 oculus
705 836 751 875 non
765 825 854 888 giutid-

42 903 122 950 oatus
134 909 182 947 non
200 900 237 946 cst
252 895 434 959 proportionales
448 894 474 945 ad
491 895 610 945 videndam
625 895 750 944 claritatem
766 895 852 958 gloria.

44 969 111 1020 cmm
124 969 157 1016 sit
172 965 263 1016 alterins
276 969 366 1027 generis
380 965 447 1026 quim
462 964 551 1014 claritas
569 967 662 1014 natura.
678 965 736 1027 Ergo
752 968 854 1028 corporis

43 1037 153 1104 mucium
166 1036 254 1085 claritas
266 1046 313 1086 non
324 1034 438 1084 ridebitur
453 1035 481 1084 ab
494 1035 560 1084 oculo
573 1047 618 1086 ooo
633 1035 742 1096 glorioso.

82 1114 115 1159 2.
129 1109 256 1168 aroteres,
266 1105 355 1155 claritas
364 1105 464 1172 corporis
477 1101 568 1166 gloriosi
579 1103 624 1154 crit
632 1104 705 1167 major
716 1104 783 1167 quam
793 1109 854 1156 nunc

44 1183 82 1232 sit
97 1178 192 1230 claritas
200 1175 267 1238 solis3
277 1175 330 1239 druia
340 1175 408 1226 etiam
420 1175 509 1225 claritas
517 1176 573 1224 solis
583 1175 627 1224 erit
640 1179 694 1224 tanc
703 1175 776 1235 major
784 1175 853 1238 quim

44 1250 125 1301 modii
141 1249 183 1310 sit,
193 1253 219 1296 ut
231 1247 312 1297 dicitur
324 1247 395 1296 lsaioe
404 1281 410 1299 ‚
420 1245 490 1306 llllll;
501 1249 524 1294 et
531 1243 604 1312 'multo
619 1245 691 1306 major
703 1245 746 1294 erit
761 1245 852 1296 claritas

47 1319 162 1384 corporis
171 1317 262 1381 gloriosi
269 1351 278 1379 ,
292 1315 451 1380 propterquod
465 1317 498 1366 sol
510 1320 533 1366 et
543 1321 605 1364 totus
619 1313 720 1364 mundus
729 1314 853 1364 claritatem

45 1391 168 1454 majorem
185 1387 288 1450 accipiet.
305 1387 349 1438 Sed
362 1388 440 1437 ocutus
452 1399 498 1436 non
512 1386 622 1448 gloriosas
633 1395 679 1436 non
691 1389 767 1449 potest
779 1385 853 1448 inspi-

45 1473 111 1512 cere
123 1458 228 1510 solemia
240 1465 290 1508 rota
303 1470 352 1518 sua,
364 1461 457 1520 propter
471 1456 649 1520 magnitudinem
664 1454 780 1505 claritatis.
796 1455 854 1520 Ergo

46 1527 135 1580 minas
150 1527 233 1592 poterit
243 1525 357 1591 inspicere
374 1527 499 1576 claritatem
514 1525 616 1590 corporis
629 1525 730 1589 gloriosi.

73 1601 253 1668 aspremont,
263 1597 353 1648 usibile
365 1597 493 1664 oppositum
512 1596 586 1648 oculis
601 1595 700 1645 uideatis
711 1607 804 1646 necesse
818 1599 855 1647 est

47 1669 145 1734 rideri,
158 1671 204 1720 nisi
214 1670 244 1720 sit
259 1669 321 1722 laesio
335 1669 441 1734 aliquam
451 1669 527 1719 oculo.
538 1669 582 1718 Sed
595 1669 685 1718 claritas
695 1667 795 1730 corporis
804 1668 852 1730 glo-

47 1743 112 1794 riosi
126 1741 232 1806 opposita
249 1741 321 1792 mulis
334 1739 507 1802 congloriaris,
522 1751 568 1789 nou
585 1737 715 1789 necessario
727 1739 815 1788 videtur
825 1739 853 1788 ab

49 1814 104 1874 eis3
115 1813 177 1876 quod
192 1814 254 1874 patet
272 1811 300 1860 de
312 1809 444 1874 discipulis,
459 1809 498 1873 qui
510 1821 592 1872 eorpus
604 1810 693 1858 Domini
711 1813 766 1874 post
774 1821 855 1858 resur·

49 1883 183 1934 rectionem
199 1881 312 1943 viderunt,
327 1881 450 1931 claritatem
465 1883 573 1946 ejusden
593 1881 719 1932 intuentes.
735 1879 794 1943 lingo
808 1879 854 1930 cla·

50 1953 110 2004 ritas
119 1951 161 2002 illa
171 1963 217 2002 noa
232 1951 275 2002 erit
287 1949 384 2002 risibilis
397 1953 425 2000 ab
442 1953 506 2002 oculo
521 1963 566 2001 non
580 1951 687 2014 glorioso.

84 2023 130 2074 Sed
156 2025 245 2083 contra,
264 2021 322 2086 qudd
342 2021 421 2072 Glossa
443 2021 567 2084 Philipp„
582 2021 615 2070 lll
627 2022 659 2086 (tl
672 2059 679 2084 ,
694 2035 761 2084 super
781 2021 850 2082 illud,

53 2109 70 2142 a
81 2092 250 2154 configuratam
261 2091 348 2154 carpon
360 2091 470 2142 claritatis
484 2103 530 2141 suae
543 2107 558 2139 a
571 2091 646 2141 dicit:
660 2108 674 2138 a
686 2090 851 2142 assimilabitur

52 2163 155 2230 claritati
173 2173 242 2226 quam
256 2163 335 2213 hahuit
350 2163 375 2211 in
389 2161 595 2224 transfiguratione.
614 2178 627 2208 a
645 2161 689 2212 Sed
712 2161 801 2212 claritas
814 2161 853 2212 illa

51 2235 106 2284 visa
119 2233 165 2283 luit
178 2232 206 2281 ab
219 2231 291 2282 oculis
304 2231 466 2296 discipolorum
484 2245 531 2281 non
547 2231 683 2292 glorificatis.
694 2233 752 2294 Ergo
767 2236 790 2282 et
803 2231 854 2282 cla·

51 2303 112 2355 ritas
127 2302 230 2366 cumeris
243 2301 364 2364 aloriiicati
383 2307 412 2352 alr
426 2302 496 2352 oeulis
513 2313 559 2351 aon
572 2301 677 2364 gloriosis
688 2301 786 2352 visibilis
800 2301 852 2352 erit.

86 2371 289 2436 Praeterca‚.impii
304 2371 408 2423 uidentes
421 2372 515 2436 gloriam
524 2371 646 2435 justorum,
661 2385 689 2422 ex
701 2373 745 2421 troc
759 2375 851 2435 torque-

51 2447 140 2498 turtur
153 2443 285 2508 injudicio,
300 2446 327 2492 ut
334 2447 397 2506 patet
409 2455 449 2506 per
460 2443 504 2493 hoc
516 2441 576 2505 qudd
585 2441 667 2491 dicitur
678 2443 749 2506 Sap,
764 2441 792 2492 v.
805 2443 851 2494 Sed

53 2527 102 2567 non
118 2513 186 2578 plane
200 2513 304 2563 riderent
314 2513 407 2578 plurima
416 2511 583 2578 ipsorummisi
593 2511 717 2563 claritatem
731 2523 851 2576 corporum

53 2585 207 2650 inspicerent.
221 2583 291 2647 Ergo,
306 2587 351 2634 etc.

84 2744 119 2808 (t)
132 2744 285 2790 interlinealis
293 2743 386 2800 quidem
398 2741 507 2802 praecise,
518 2749 543 2788 ut
556 2741 592 2788 lrio
606 2743 629 2788 in
646 2741 762 2790 modernis
771 2757 851 2790 exem·

53 2809 159 2865 pluribus
172 2808 208 2852 vel
222 2806 353 2862 impressis;
367 2806 506 2852 collateralis
514 2812 590 2850 autem
602 2811 668 2851 uatus
679 2809 852 2866 manuscriptae

55 2869 162 2930 Corpori
175 2869 228 2926 ejas
240 2867 402 2916 assimilatam
418 2869 446 2914 in
462 2867 573 2916 ctoritate
587 2879 668 2926 orcam,
686 2873 728 2915 etc.
