1980 3320
134 185 162 232 t0
278 195 478 245 secerneremur,
490 194 586 240 nomer.
601 195 656 247 xcv,
673 193 729 234 aar.
747 198 781 236 rr.

425 378 584 431 lerientes
599 381 636 430 tv.

80 559 85 570 ,
139 513 222 558 Utrum
238 523 362 556 consensus
376 509 584 566 ctione‘peroerdo
597 509 624 552 de
639 510 750 566 praesenti
770 523 903 570 expressos,
917 517 943 560 ei

227 575 287 620 desit
300 574 543 634 interiorvconeenano
555 572 630 628 societ
645 573 838 618 matrimonium.

167 707 200 757 td
221 709 325 770 quartum
339 704 372 754 sic
383 703 520 769 proceditur.
539 702 634 754 Videtur
650 701 709 766 quta
722 715 849 756 consensus
862 707 943 758 etiem

134 791 174 841 per
184 778 252 828 verba
264 777 292 826 de
303 777 411 840 pressanti
420 788 557 838 expressus,
571 776 592 824 si
604 773 663 825 deeit
679 774 774 827 interior
786 789 917 828 consensus
929 815 938 842 ,

134 849 202 898 iaciat
220 847 397 898 matrimonium.
412 847 494 906 Quian
511 847 573 895 ireos
590 850 613 896 et
626 847 692 896 dolus
707 846 795 897 nemini
806 849 874 899 debat
893 863 941 914 pe-

136 919 254 980 trocinari,
266 936 279 967 n
294 917 417 969 secundnm
428 918 490 980 jura.
505 918 550 968 sed
564 917 601 966 ille
618 917 657 980 qni
669 917 744 968 acriis
758 918 867 981 exprimit
879 933 943 971 eou-

136 1005 227 1041 sensum
241 1003 308 1054 quem
321 991 345 1040 in
357 990 423 1040 corde
433 1002 478 1040 non
490 989 573 1050 habet,
583 988 657 1039 dolum
670 989 799 1039 committit.
813 991 874 1054 Ergo
888 1005 942 1044 non

136 1063 203 1114 debet
216 1063 259 1113 silei
273 1061 409 1126 patrocinari
419 1065 443 1112 ut
459 1061 488 1110 ab
501 1060 637 1124 obligatione
651 1061 790 1112 matrimonii
810 1063 867 1113 litter
881 1066 942 1116 red-

137 1136 212 1186 detur.
675 1175 678 1178 .

167 1212 192 1255 n.
207 1207 329 1270 Preteree,
343 1219 468 1257 consensus
486 1205 591 1256 mentalis
610 1205 702 1256 alterins
724 1217 769 1256 non
793 1209 942 1270 potestesse

137 1278 205 1328 alicui
225 1281 310 1340 notas,
328 1277 374 1328 nisi
389 1281 501 1341 qnatenus
524 1291 566 1341 per
588 1277 656 1328 veria
675 1277 818 1340 exprimitur.
835 1277 860 1326 Si
880 1292 941 1343 ergo

136 1349 252 1413 expressio
273 1349 392 1400 uerborum
406 1362 453 1400 non
467 1348 567 1410 sedicit,
583 1350 622 1400 sed
635 1360 763 1399 consensus
783 1347 881 1398 interior
896 1364 942 1401 re-

136 1421 233 1485 quiritur
248 1421 273 1471 in
293 1424 387 1482 ermque
400 1420 540 1482 conjugum,
559 1426 613 1485 trine
635 1421 718 1470 neuter
734 1419 818 1482 poterit
833 1420 894 1472 scire
909 1422 944 1474 de

137 1493 207 1542 attero
223 1506 252 1542 an
268 1495 298 1542 sit
315 1491 337 1541 ei
350 1504 418 1542 uerus
430 1491 531 1554 conjnx,
544 1495 568 1541 et
585 1490 618 1541 ita
638 1491 680 1541 erit
693 1490 817 1542 fornicator
831 1495 942 1554 quondo-

138 1577 234 1626 cnmque
249 1561 391 1613 matrimonio
407 1566 491 1613 utetrrr.
739 1555 742 1562 '

170 1639 192 1683 3.
208 1637 336 1694 Praeterea,
353 1634 373 1684 si
385 1633 467 1697 aliquis
483 1633 590 1697 probatur
607 1647 650 1697 par
665 1633 735 1685 verba
748 1635 776 1684 dc
789 1635 902 1697 presenti
912 1636 943 1688 'en

138 1706 234 1769 ntiquom
253 1707 410 1767 consensisse,
422 1706 512 1769 cogitur
525 1719 567 1768 per
584 1703 825 1756 excommunicationis
843 1709 946 1758 senten-

139 1777 193 1827 tiam
210 1781 236 1827 nt
250 1791 299 1828 earn
318 1777 401 1826 habeat
421 1777 447 1826 in
468 1789 579 1840 uxorem,
590 1775 697 1838 quamvis
719 1774 780 1826 dion
798 1789 945 1829 consensum

139 1850 261 1900 mentalem
275 1848 387 1907 doluisse,
405 1848 495 1898 etiamsi
509 1850 589 1910 postea
606 1860 658 1896 cnm
670 1846 714 1896 elie
727 1848 866 1898 contraxerit
879 1861 942 1900 con-

139 1933 208 1972 sensu
226 1919 321 1970 mentali
334 1918 410 1968 uerbis
426 1931 543 1981 expresso.
553 1918 596 1968 Sed
610 1919 654 1968 loc
664 1931 709 1968 non
718 1922 792 1980 ansel,
804 1919 824 1968 si
833 1920 943 1984 require-

139 1995 200 2042 retur
206 2003 333 2044 consensus
343 1989 448 2039 mentalis
457 1990 485 2040 ad
495 1983 671 2040 monimentum.
681 1989 740 2051 Ergo
747 2002 794 2040 non
800 1991 939 2052 requiritur.

171 2063 215 2112 Sed
237 2065 316 2113 contra
335 2064 383 2124 est,
399 2061 460 2124 quod
482 2060 629 2112 Innocentius
646 2061 682 2110 lll
701 2059 757 2110 dicit
777 2061 802 2110 in
823 2063 943 2116 licenciati

138 2135 248 2198 quadem,
263 2133 287 2182 in
298 2144 352 2184 cesa
360 2132 405 2182 isto
418 2133 527 2194 loquens,
544 2148 558 2180 u
569 2131 624 2182 Sine
637 2143 749 2182 causamn
760 2136 879 2196 nequeunt
895 2148 946 2188 cn-

141 2209 187 2256 tara
196 2204 270 2254 toednn
286 2203 394 2266 perticere
408 2202 536 2266 conjugale.
546 2217 559 2249 n

171 2279 291 2338 rennues,
310 2275 408 2326 intentio
420 2275 542 2338 requiritur
554 2274 580 2324 in
591 2273 698 2326 ememus
716 2275 873 2326 sacramentis.
893 2279 944 2331 Sed

139 2349 178 2400 ille
195 2348 233 2410 qui
246 2348 316 2398 corde
334 2359 381 2398 non
398 2347 527 2408 consentit,
542 2359 588 2397 non
608 2346 678 2396 helei
693 2346 843 2398 intentionem
858 2351 947 2402 matri·

140 2419 211 2470 monii
224 2418 378 2470 contrahendi.
394 2419 452 2480 Ergo
466 2431 513 2468 non
526 2418 551 2467 tit
565 2416 743 2468 matrimonium.

175 2492 325 2552 (muciano.
338 2517 369 2528 —
390 2490 518 2542 Consensus
540 2487 690 2540 exterioribus
715 2488 790 2539 verbis
813 2501 947 2554 expressus

141 2561 227 2624 absque
242 2561 344 2611 interiori
354 2574 479 2624 consensu,
495 2559 582 2610 nullum
595 2558 761 2612 matrimonium
775 2559 837 2611 iecit.
851 2563 870 2623 l·

172 2632 306 2696 Respondeo
320 2632 453 2695 dicendum,
463 2631 537 2695 quod,
548 2630 607 2682 sicut
618 2643 643 2680 se
654 2631 724 2681 habet
737 2631 823 2682 ablutio
835 2635 947 2688 exterior

132 2704 170 2755 ed
189 2703 339 2767 baptismum,
360 2705 391 2754 ita
405 2718 430 2756 ae
443 2704 514 2754 hebet
527 2701 642 2766 expressio
659 2701 779 2754 amborum
797 2704 825 2754 ad
843 2705 889 2756 hoc
904 2719 948 2758 aa·

141 2779 293 2838 crementum,
307 2781 333 2826 nt
341 2776 426 2827 dictum
435 2778 470 2826 eat
481 2775 533 2838 (art.
541 2774 576 2836 i).
589 2771 668 2836 Unde,
677 2772 738 2824 sicat
748 2774 769 2824 si
778 2775 862 2839 aliquis
872 2777 944 2828 ablu-

141 2845 227 2896 tionem
248 2848 384 2898 exteriorem
403 2846 523 2910 reciperet,
543 2855 590 2894 nen
607 2842 731 2895 intendens
744 2844 845 2909 recipere
862 2860 945 2900 sacra-

142 2920 259 2985 mentnm,
272 2919 312 2970 aad
324 2918 403 2972 ludum
420 2921 445 2970 et
455 2916 532 2970 dolam
547 2915 776 2978 supermanantem
790 2917 941 2985 bentnetua3
