1924 3322
116 145 162 194 itt
255 151 457 204 surrnuunnrunr,
473 152 566 200 ounsr.
583 151 668 203 nxxrx,
684 151 739 190 aar.
756 153 775 190 ι.

115 234 144 284 ιιι
165 233 218 285 ideo
233 231 318 284 Christi
333 230 468 282 resurrectio
486 230 564 282 debuit
581 229 710 294 precedere
731 229 919 281 resurrectionem

115 305 210 356 aliorum
224 304 263 368 qui
281 317 361 354 omnes
372 302 439 353 simul
453 313 571 366 resurgere
589 301 715 352 debuerunt
729 301 754 350 in
772 314 918 352 cousumma-

114 375 175 426 tioua
187 376 329 426 saeculorum.

146 447 179 497 ιιι
191 447 314 496 secundum
331 445 464 508 dicendum,
475 445 536 510 quod
555 443 660 507 quamuis
675 443 857 495 intermembra
875 443 922 494 sint

113 521 216 584 quedam
233 516 284 566 aliis
299 517 402 580 digniora
415 520 437 567 et
451 517 523 579 magis
538 515 599 580 croit
590 515 608 566 ti
622 515 757 576 conionum,
775 529 824 567 non
841 521 921 566 tamen

116 589 249 654 pertingunt
260 589 288 638 ad
303 587 412 638 rationem
425 588 520 652 capita,
535 593 560 638 ut
550 589 617 638 tsiut
631 599 699 638 causa
710 587 814 638 aliorum.
828 589 861 638 Et
871 586 922 638 ideo

116 674 145 712 ex
159 660 316 711 conformitate
327 660 409 724 majori
423 661 449 712 ad
461 661 578 711 Christum
589 673 636 710 non
651 658 745 710 debetur
756 661 791 710 eia
805 660 871 740 quod
887 674 923 711 eu
948 665 949 736 l

116 745 164 782 rum
176 731 311 782 resurrectio
321 733 436 795 pracedat
447 731 635 782 resurrectionem
645 733 740 782 aliorum
744 731 830 796 ‚quasi
840 745 922 782 exem·
948 737 949 796 l

116 804 166 866 plan
186 803 357 866 exemplatum,
374 803 433 854 sicut
447 802 535 854 dietum
549 805 584 852 est
597 803 625 852 dc
637 803 803 854 resurrectione
818 801 949 859 Christi

119 875 159 924 aed
172 873 232 937 quod
249 873 363 938 aliquibus
374 874 403 924 sit
418 875 463 924 hoc
474 886 605 924 concessum
618 874 676 937 quot
691 885 770 924 eorum
783 873 923 924 resurrectio

118 959 164 996 non
183 943 303 1008 situsque
323 945 351 995 ad
364 955 508 995 communem
524 945 714 996 resurrectionem
735 944 822 1006 dilala,
841 948 880 996 est
895 958 923 994 ex

119 1014 212 1079 speciali
231 1014 309 1078 gretie
329 1016 463 1080 priuilegio,
484 1029 531 1068 non
556 1028 584 1066 cx
606 1017 682 1067 debito
704 1016 876 1068 conformitatis
898 1015 924 1065 al

119 1086 244 1138 Christum.
948 1115 949 1118 =

151 1161 184 1210 nd
194 1159 285 1210 tertium
297 1160 416 1212 dicendum
428 1198 434 1222 ,
448 1159 508 1224 qnod
520 1161 547 1212 de
564 1159 602 1210 illa
613 1159 777 1210 resurrectione
789 1165 923 1210 sanctorum
948 1157 949 1228 J

119 1247 170 1284 cnm
186 1232 280 1283 Christo
293 1232 383 1284 uidetur
399 1232 500 1283 dubitare
514 1232 665 1298 Hieronymus
685 1235 711 1282 ta
729 1233 813 1282 Serae.
831 1234 866 1283 de
881 1234 925 1282 As·
948 1229 949 1260 l

119 1307 216 1369 surnpt.
230 1320 238 1354 r
254 1309 329 1354 utrum
349 1305 450 1366 scilicet,
464 1308 559 1368 peracto
574 1304 749 1366 resurrectionis
771 1304 922 1363 testimonio,
948 1305 949 1368 l

117 1376 200 1427 iterum
213 1377 296 1427 mortui
307 1377 361 1439 sint,
370 1380 395 1426 ut
405 1377 438 1427 sic
449 1389 528 1427 eorum
540 1376 610 1426 inerit
620 1375 692 1438 magis
701 1376 851 1427 resuscitatio
862 1390 949 1440 que·
948 1369 949 1454 J

119 1448 170 1498 darn
185 1448 261 1514 (sicut
279 1448 323 1498 fuit
339 1447 584 1512 lazari,qniitcruu1
602 1451 705 1498 morinus
718 1447 767 1510 est)
783 1447 855 1511 quam
870 1460 924 1498 nera

119 1519 268 1582 resurrectio,
283 1519 357 1583 qualis
370 1519 432 1570 crit
425 1533 449 1568 ιιι
466 1519 509 1570 irre
522 1519 615 1582 muudi;
633 1532 662 1568 an
676 1520 704 1569 ad
714 1518 871 1570 immortalem
886 1520 923 1567 ni-

120 1594 165 1641 tam
178 1589 232 1640 uere
244 1592 410 1642 resurrexerint
420 1604 526 1654 ,semper
538 1589 563 1640 in
576 1603 671 1654 corpore
684 1588 780 1648 victuri,
798 1589 823 1640 in
835 1593 949 1642 caelum
948 1627 949 1646 ,

119 1675 171 1711 oum
186 1662 275 1712 Christo
285 1663 434 1714 ascendentes
448 1662 602 1726 corporaliter,
614 1666 639 1710 ut
648 1661 797 1725 Glossadicit,
813 1663 922 1722 Mutii.

120 1732 209 1783 llllllll.
225 1734 254 1782 lit
273 1735 316 1783 troc
330 1733 420 1784 uidetur
430 1733 584 1798 probabilius,
601 1733 654 1797 quia
668 1734 695 1782 ad
709 1734 754 1782 lroc
768 1734 828 1796 quod
844 1734 923 1785 verim
948 1739 949 1784 l

119 1803 273 1855 testimonium
283 1805 545 1855 deveraresurrectione
558 1804 642 1856 Christi
650 1805 786 1868 proterrent,
796 1818 923 1872 congruum

120 1873 165 1924 iuit
177 1878 203 1924 ut
216 1874 270 1924 vert
281 1878 438 1938 resurgerent,
449 1875 509 1926 sicut
530 1875 681 1939 liiemnynrus
696 1875 728 1926 tol
742 1874 806 1925 dicit.
818 1877 869 1928 Nec
884 1889 922 1927 eo·
948 1877 949 1890 ¹

120 1957 170 1994 rum
187 1946 323 1996 resurrectio
337 1950 427 2012 propter
441 1945 503 2008 iosos
519 1948 644 1998 accelerata
658 1950 709 2008 cst,
723 1947 764 1998 seo
779 1951 876 2011 propter
889 1960 924 1998 re·

122 2017 285 2068 surrectionem
296 2015 382 2067 Christi
393 2017 567 2068 testificandam.
583 2021 647 2078 Quod
656 2020 749 2084 quidem
762 2015 922 2072 testimonium

121 2091 169 2140 erat
185 2088 213 2138 ad
231 2089 368 2138 fundandam
385 2088 452 2139 tidem
478 2089 532 2140 noni
553 2091 706 2154 Testamenti3
724 2089 784 2141 unde
803 2091 922 2143 decentius

121 2159 205 2210 tactum
222 2165 257 2210 est
270 2172 312 2222 per
325 2157 405 2211 Patres
418 2161 502 2212 eveneris
519 2162 673 2226 Testamenti,
692 2161 762 2226 quim
773 2176 817 2228 per
830 2177 872 2216 eos
885 2163 923 2230 qui

118 2231 167 2295 jam
186 2244 246 2282 noro
263 2231 408 2282 testamento
425 2232 521 2284 laudato
535 2234 692 2284 decesserunt.
704 2235 788 2285 Tamen
804 2234 922 2287 suendum

121 2307 157 2353 est
170 2303 245 2367 quod,
258 2303 301 2354 etsi
309 2304 337 2353 dc
346 2305 513 2356 resurrectione
524 2319 603 2358 eorum
615 2306 641 2356 in
651 2307 775 2370 cvangelio
787 2309 922 2360 mentiotlat

121 2379 174 2425 ante
187 2373 377 2426 resurrectionem
390 2375 490 2438 Christi,
501 2381 591 2439 tamen,
604 2381 628 2428 ut
640 2391 681 2443 per
692 2382 780 2429 textum
791 2383 875 2444 patet,
888 2381 922 2429 in·

122 2446 267 2510 telligcndum
289 2451 324 2498 est
341 2461 382 2512 per
401 2447 585 2512 anticipationem
604 2463 654 2502 esse
674 2451 773 2514 dietum,
790 2453 851 2514 quod
875 2453 922 2502 ire-

122 2522 216 2580 quenter
231 2516 420 2584 historiographis
433 2520 522 2571 accidit.
536 2520 598 2571 Nulli
610 2521 670 2572 enim
683 2535 738 2572 uera
754 2523 921 2574 resurrectione

121 2593 173 2638 ante
189 2589 306 2640 Christum
316 2596 502 2652 resurrexerunt,
513 2605 542 2643 co
551 2594 611 2656 quod
622 2593 671 2656 ipsc
680 2597 716 2644 est
727 2610 740 2640 «
752 2593 859 2658 primitiae
872 2596 922 2645 dor-

57 2675 62 2682 ·
122 2659 256 2722 mientium,
272 2667 323 2713 ιιιι
337 2663 419 2714 dicitnr
433 2664 581 2718 lCortattr..
596 2664 639 2714 XV
648 2665 921 2728 ,quamvisiuerintali-

122 2731 162 2794 qni
182 2734 313 2786 resuscitati
333 2733 487 2785 antechristi
512 2735 719 2798 resurrectionem,
741 2739 767 2784 ut
789 2737 817 2786 de
838 2737 920 2788 Lazaro

122 2805 194 2868 patet.

155 2875 187 2928 ld
202 2879 306 2942 quamam
320 2877 456 2941 dicendum,
470 2877 530 2944 quot
544 2879 665 2930 occasione
680 2879 772 2930 illorum
790 2880 919 2942 uerbomm,
