1966 3304
123 166 171 221 218
274 175 476 226 superaremur,
491 174 587 222 orma.
603 176 675 230 urm,
685 175 742 226 aur.
757 178 776 215 r,

123 255 180 304 sunt
193 251 239 304 sihi
256 253 340 305 nociva
353 253 376 304 iu
393 265 499 318 persona.
512 252 557 304 Sed
578 253 697 319 aliquando
715 253 808 306 reddere
824 254 927 307 debiturn

124 329 231 389 poscenti
241 361 248 386 ‚
258 328 318 376 essct
331 337 435 388 persone
448 325 567 387 nocivum,
577 325 615 376 vei
628 325 714 376 ratione
724 325 875 390 infirmitatis,
889 328 929 379 vel

125 397 214 448 ratione
231 395 352 448 solutionis
364 397 412 461 jam
431 397 578 461 hastengo
595 397 683 451 ridetur
697 397 757 463 quod
772 397 834 449 licite
854 399 929 464 possit

124 468 225 519 debitum
238 466 341 533 poscenti
354 467 442 532 negari.

158 545 181 590 a.
194 543 321 604 Pratcrea,
336 539 475 605 quicumque
488 540 544 592 iacit
554 553 579 594 se
589 539 741 606 impotentem
752 542 781 599 ad
794 541 928 595 iaciendum

125 613 148 663 id
161 613 190 663 ad
202 611 262 676 quod
275 625 304 662 er
322 617 435 677 praecepto
447 617 538 666 tenetur
548 650 556 675 ‚
568 617 657 678 peccat.
674 613 701 664 Si
720 626 774 678 ergo
795 614 878 678 aliquis
897 628 928 667 ex

125 683 263 734 necessitate
277 685 384 748 precepti
403 687 493 736 tenetur
506 686 535 735 ad
545 685 685 736 reddendum
700 685 820 750 debitum3
835 685 929 737 uidetur

124 754 186 820 quid
196 759 291 820 peccet,
306 753 327 808 si
334 756 478 821 ieiunando,
490 757 528 808 rel
539 756 686 821 ahhscorpns
701 757 927 820 condescendendo,

124 825 275 890 impotentem
286 840 311 880 se
327 828 407 880 reddat
417 828 445 879 ad
456 827 526 881 debiti
539 827 689 892 solutionem
699 828 759 893 quod
777 841 823 880 noo
836 829 929 882 ridetur

125 911 216 950 rerum.

157 971 181 1020 t.
195 970 322 1034 Praeterea,
340 971 527 1036 matrimonium,
540 970 665 1024 secuudhm
689 969 854 1036 Philosophum
869 971 926 1036 (dih.

124 1041 182 1092 Vlil.
201 1042 296 1101 iiidie,
313 1056 363 1110 cap.
379 1048 410 1097 12
419 1046 439 1108 ),
451 1044 569 1096 ordinatur
582 1043 610 1094 ad
624 1043 804 1108 procreationem
819 1042 891 1107 prolis
905 1047 930 1096 et

124 1113 295 1177 educationem,
310 1115 428 1171 etiterum
444 1117 471 1166 ad
486 1115 715 1186 communicationem
726 1115 790 1168 uitae.
802 1115 848 1167 Sed
861 1116 930 1182 lepra

124 1186 161 1237 est
174 1188 253 1237 contra
264 1189 385 1250 utrumque
399 1186 538 1240 matrimonii
551 1185 636 1246 finem;
649 1187 715 1251 quia,
731 1186 783 1238 cim
794 1185 823 1238 sit
834 1187 928 1242 morhus

124 1257 286 1323 contagiosus,
296 1260 379 1312 mulier
391 1273 438 1311 non
454 1263 548 1310 tenetur
561 1259 690 1311 cohabitare
701 1259 750 1311 viro
768 1259 859 1324 leproso
870 1274 878 1322 3
891 1261 929 1312 si-

124 1327 208 1381 militer
226 1329 296 1382 etiam
310 1331 402 1382 morbos
416 1331 454 1384 iiie
467 1331 600 1395 frequenter
607 1331 770 1382 transmittitur
785 1331 813 1382 ad
828 1331 928 1396 prolem.

124 1399 184 1464 Ergo
200 1399 289 1470 videtur
310 1401 371 1468 qudd
386 1400 437 1453 viro
455 1403 544 1468 leproso
564 1414 622 1460 uror
642 1402 745 1454 debitum
768 1403 861 1470 reddere
880 1417 930 1456 non

123 1473 240 1526 teneatur.

38 1549 41 1556 ’
156 1545 201 1596 Sed
211 1549 302 1611 contra,
316 1545 375 1598 sicut
390 1557 471 1596 serras
484 1546 520 1597 est
530 1544 554 1595 in
567 1546 681 1610 potestate
691 1543 777 1596 donnini
791 1545 848 1610 sui„
860 1545 893 1598 ita
907 1552 931 1599 et

125 1630 186 1680 uuus
201 1617 324 1684 eornjugum
342 1618 367 1670 iu
386 1620 500 1683 potestate
515 1615 621 1678 alterius,
639 1619 665 1666 ut
681 1619 745 1680 patet
759 1617 779 1666 1.
795 1617 862 1678 Coc,
876 1618 929 1682 vii.

124 1687 167 1740 Sed
184 1703 265 1740 servus
275 1694 366 1754 tenetur
379 1703 409 1742 er
419 1687 555 1741 necessitate
568 1687 676 1752 praecepti
696 1687 788 1740 domiuo
801 1700 843 1739 suo
859 1689 931 1740 dehi-

126 1762 175 1810 tum
190 1761 309 1814 servitutis
325 1763 435 1821 reddere,
450 1765 476 1812 nt
485 1761 549 1825 patet
562 1761 644 1817 idom„
656 1759 708 1810 XIII
721 1774 728 1809 ε
744 1776 759 1808 o
772 1759 869 1812 Reddite
880 1775 930 1812 orn·

125 1831 194 1881 nibus
207 1831 323 1896 debitum,
342 1832 381 1886 cui
393 1831 516 1893 tributum,
530 1830 654 1896 tributum,
668 1845 682 1878 n
698 1834 744 1882 etc.
758 1831 818 1896 Ergo
831 1835 855 1883 et
868 1846 929 1882 unus

124 1902 249 1966 conjugum
263 1917 293 1956 ex
305 1904 441 1955 necessitate
453 1902 563 1967 precepti
575 1905 666 1954 temetum
678 1902 746 1954 alteri
762 1902 866 1955 debitum
879 1905 930 1955 red·

124 1973 188 2024 dere.

156 2045 286 2109 preterea,
305 2045 475 2096 matrimonium
496 2048 533 2096 est
551 2045 682 2098 ordinatum
702 2046 731 2098 ad
752 2045 928 2100 tornicaiionem
980 2047 981 2077 ³

124 2117 251 2179 vitandam,
263 2122 289 2168 ut
303 2121 368 2183 patet
380 2118 400 2167 i.
412 2119 481 2174 Gor..
494 2118 542 2168 itii.
554 2117 601 2168 Sed
612 2119 657 2168 hoc
670 2131 717 2170 uon
727 2121 806 2184 posset
821 2131 864 2182 per
878 2133 928 2170 ma·

122 2189 254 2241 trimouium
269 2189 317 2242 heri
324 2226 333 2254 ,
345 2188 366 2240 si
378 2189 513 2242 uuusaiteri
524 2203 571 2242 non
585 2193 702 2244 teneretur
711 2190 812 2242 debitum
822 2192 927 2255 reddere,

123 2261 213 2325 quaudo
227 2260 411 2326 concupiscentia
420 2261 549 2315 infestatur.
564 2263 623 2328 Ergo
634 2263 727 2316 reddere
741 2260 842 2313 debitum
851 2265 887 2316 est
900 2263 928 2315 de
979 2287 980 2300 2

124 2335 262 2384 necessitate
280 2332 398 2398 precepti.

155 2403 320 2468 (Concedam.
331 2432 363 2442 -
375 2403 432 2456 Cium
451 2417 542 2456 sacmm
560 2404 694 2469 conjugium
711 2403 840 2455 institutum
855 2403 888 2454 sit
901 2407 927 2456 ut
978 2445 979 2472 ἶ

119 2475 205 2526 vitatur
216 2475 350 2541 fornicatio,
361 2481 384 2528 et
392 2480 418 2526 ut
431 2475 509 2528 tiberis
523 2489 592 2540 opera
605 2477 679 2543 detur,
691 2479 799 2528 tenentur
812 2475 926 2540 conjuges
978 2475 979 2523 i

121 2547 150 2596 ad
164 2547 263 2598 debiturn
276 2548 318 2600 sihi
332 2548 411 2599 mutand
427 2549 585 2612 reddendum,
601 2552 714 2612 quatenus
728 2546 847 2612 utriusque
862 2547 926 2597 inco·

121 2617 213 2668 lumitas
229 2618 253 2669 id
271 2620 370 2684 patitur;
391 2619 492 2685 alioquin
516 2633 563 2670 non
584 2619 654 2671 debiti
671 2619 766 2682 petitio,
780 2617 820 2668 sed
837 2617 924 2681 injusta

122 2689 212 2739 exactio
226 2697 271 2742 est.

152 2692 291 2824 Responderi)
301 2761 433 2826 dicendum,
448 2761 509 2829 qudd
528 2763 697 2814 matrimonium
719 2761 875 2828 principaliter
888 2767 924 2812 est
976 2823 977 2840 Χ

123 2830 256 2882 institutum
267 2833 292 2884 in
309 2835 409 2888 officium
427 2842 524 2888 naturae.
543 2835 571 2884 Et
585 2834 637 2886 ideo
651 2833 680 2885 ad
698 2838 773 2884 actum
786 2832 863 2896 ipsius
877 2846 924 2884 ser-

123 2903 212 2954 randus
223 2908 259 2955 est
272 2909 357 2958 natura
373 2911 461 2976 motos,
471 2905 598 2958 secuudum
613 2918 679 2972 quem
696 2903 804 2958 nutritiva
817 2917 864 2958 non
882 2905 923 2972 rni-
