1958 3314
122 239 153 278 nn
166 234 268 278 uranum
281 235 311 274 nr
327 232 536 277 rnunamrnrrnru
550 236 581 275 nx
593 235 625 276 na
639 235 788 278 corrmcrn.
810 227 856 278 ibt

90 311 128 366 nd
136 313 228 367 tertium
245 313 380 376 dicendum,
396 314 457 379 qudd
469 313 623 378 irregularitas
634 327 680 365 non
697 317 732 366 εει
744 329 813 380 poeua
823 317 858 366 in-

57 384 135 451 dicta,
150 387 189 437 sed
209 385 309 446 delectus
322 385 413 448 quidam
429 387 578 449 sacramenti;
596 389 619 436 ει
634 385 686 439 ideo
705 400 751 439 uon
769 391 859 452 oportet

57 459 121 524 *quod
134 469 227 524 semper
238 457 268 508 sit
282 457 409 508 uoluntaria
422 455 535 522 bigamia,
548 458 576 508 ad
589 459 633 508 boc
647 454 709 522 qudd
728 458 857 522 irregulari-

61 534 129 582 tatem
145 532 233 582 causet
250 529 279 579 Ει
292 528 344 580 ideo
352 527 391 580 ille
405 529 445 594 qui
452 541 547 580 uxorem
560 528 624 580 dauoit
639 533 780 594 corruptam,
789 541 858 594 quam

60 601 173 666 uirginem
186 599 271 662 credit,
285 597 416 662 irregularis
433 603 531 666 caleam
546 611 694 662 cognoscens.

90 673 124 724 bd
140 675 246 738 quartum
258 669 391 730 dicendum,
408 671 469 736 qudd
478 669 497 721 si
508 669 590 722 mulier
605 671 730 722 fornicetur
743 671 795 735 post
811 681 860 720 ma-

59 744 190 796 trimonium
209 745 366 807 contractum,
378 756 424 795 non
446 741 544 794 elicitur
561 755 590 793 ex
603 743 648 794 boc
661 742 696 792 nir
715 741 858 806 irregularis,

59 814 101 865 nisi
108 816 161 878 post
172 813 339 882 corruptionem
349 813 500 864 adulterinam
509 826 560 864 eam
570 813 651 864 iterato
660 811 796 876 cognoscat3
806 811 859 875 quia

59 887 113 938 alias
128 885 245 950 corruptio
260 885 336 936 ureris
347 885 411 938 nullo
423 885 490 938 modo
503 885 564 936 cadit
576 885 619 936 sub
631 890 683 936 actu
697 883 859 935 matrimoniali

59 959 110 1009 viri.
126 959 173 1010 sed
183 995 190 1020 ,
202 957 223 1008 si
242 957 310 1008 etiam
323 971 366 1022 per
377 958 417 1022 jus
432 959 581 1023 compellatur
601 959 623 1008 ei
637 958 730 1009 reddere
743 957 859 1016 debitum,

58 1030 174 1081 ueletiam
188 1043 218 1080 er
228 1029 366 1081 conscientia
376 1021 475 1095 proprii,
487 1031 525 1080 illa
538 1034 645 1094 peteme,
659 1029 760 1081 debitum
770 1030 858 1091 reddat,

60 1099 342 1152 antcccndemnarionem
357 1100 473 1160 adulterii,
486 1099 616 1164 irregularis
629 1098 739 1162 elicitum
757 1097 861 1162 quamuis

60 1171 87 1222 de
100 1174 146 1223 boc
157 1172 205 1222 sint
216 1169 352 1235 opiniones3
368 1173 407 1222 sed
419 1173 462 1222 boe
475 1172 535 1235 quod
550 1170 634 1221 dietum
648 1174 692 1233 est,
706 1173 740 1220 est
751 1167 861 1233 probabi-

59 1243 115 1306 lius,
129 1242 184 1308 quia
198 1241 236 1292 blc
249 1254 295 1293 unu
312 1242 434 1307 requiritur
446 1241 506 1307 qubd
522 1240 552 1292 sit
565 1244 698 1306 peccatum,
714 1241 755 1292 sed
770 1239 861 1304 signill-

59 1314 117 1366 calio
132 1313 233 1367 tantbm.

328 1403 512 1472 'bauconus
530 1420 569 1471 ru.
632 1465 634 1470 .

187 1548 272 1594 uarum
285 1547 390 1604 bigama
398 1547 507 1592 solvatur
518 1559 561 1603 per
574 1547 724 1603 baptismum.

88 1676 122 1727 bd
136 1678 244 1740 quartum
258 1674 291 1725 sic
305 1673 440 1738 proceditur.
450 1673 545 1725 Videtur
561 1672 621 1738 qubd
633 1662 731 1738 bigamia
744 1687 785 1738 per
801 1676 860 1741 bap-

6 1771 7 1776 *
60 1747 151 1798 tismnm
172 1747 283 1798 soluatur.
300 1746 358 1798 bicit
378 1747 439 1797 enim
455 1746 607 1810 Hieronymus
626 1746 653 1793 io
670 1745 805 1810 epistolam
825 1745 862 1796 od

59 1819 162 1878 Titum,
178 1814 238 1882 qudd
255 1833 268 1866 n
279 1818 359 1882 siquis
369 1821 422 1868 ante
433 1817 572 1882 baptismum
584 1817 660 1880 plures
671 1829 754 1869 uxores
771 1818 860 1881 habuit,

58 1891 93 1941 vel
105 1902 178 1941 unam
190 1891 256 1952 anm,
268 1893 293 1940 et
302 1889 369 1939 aliam
379 1893 448 1954 post,
458 1902 505 1940 non
515 1891 550 1940 εει
563 1887 676 1954 bigamus.
690 1888 749 1954 Ergo
763 1889 861 1956 bigamia
949 1931 950 1936 ,

58 1975 96 2026 per
110 1961 254 2026 baptismum
265 1960 368 2012 solvitur.

88 2039 115 2084 ι.
131 2033 286 2094 Preterea,o
300 2033 339 2096 qui
352 2032 406 2082 lacit
422 2031 484 2096 quod
497 2031 572 2096 majus
583 2035 632 2096 εει,
648 2028 703 2084 lacit
713 2033 774 2098 quod
788 2033 862 2084 minus

59 2108 100 2157 εει.
114 2121 130 2152 a
143 2105 189 2155 Sed
199 2104 326 2168 baptismus
339 2104 399 2155 tollit
413 2116 481 2156 omne
496 2107 628 2168 peccatum,
643 2105 701 2168 quod
720 2109 755 2155 est
769 2103 862 2169 gravius

60 2178 129 2242 quim
142 2175 304 2240 irregularitas.
317 2177 376 2240 Ergo
393 2175 453 2228 tollit
466 2176 572 2240 bigamia
589 2175 787 2242 irregularitatem.

91 2255 115 2299 3.
132 2249 260 2308 Praeterea,
272 2247 398 2313 baptismus
412 2248 472 2300 tollit
483 2261 575 2300 omnem
593 2261 684 2313 paenam
695 2262 725 2299 ex
741 2251 794 2298 actu
805 2261 863 2311 pro·
911 2271 912 2276 ε

60 2321 202 2390 uenientem.
211 2319 257 2370 Sed
264 2319 416 2382 irregularitas
430 2319 535 2384 bigamiae
541 2323 576 2370 εει
584 2319 727 2384 hujusmodi.
736 2319 803 2383 Ergo,
815 2323 861 2371 etc.

92 2397 116 2442 l.
132 2393 262 2454 Praelerea,
276 2391 380 2455 bigamus
397 2395 433 2442 εει
447 2391 577 2454 irregularis
594 2391 741 2454 inquantum
757 2389 834 2440 delicit
850 2389 864 2439 a

62 2463 261 2529 representatione
284 2463 380 2514 Christi.
401 2463 445 2514 Sed
469 2477 510 2526 per
526 2461 663 2528 baptismum
683 2459 752 2526 plene
774 2461 864 2514 Christe

62 2537 238 2588 conformamur.
257 2535 316 2599 lingo
327 2534 423 2586 soluitur
437 2535 476 2585 illa
487 2533 650 2598 irregularitas.

92 2609 116 2656 5.
137 2607 265 2667 Praeterea,
281 2611 420 2658 sacramenia
439 2619 504 2659 nove
526 2606 584 2670 legis
600 2609 653 2656 sunt
675 2603 750 2669 magis
763 2604 866 2656 ellicacia

62 2677 131 2741 quam
143 2681 285 2734 sacramenta
297 2677 381 2728 veteris
398 2677 465 2742 legis.
480 2677 526 2728 Sed
545 2679 685 2728 sacramenia
699 2675 785 2728 veteris
805 2675 866 2740 legis

63 2747 183 2800 solvebant
197 2749 385 2813 irregularium,
396 2755 422 2801 ut
438 2751 463 2800 iu
475 2749 587 2814 principio
598 2749 650 2799 libri
668 2749 709 2800 lv.
723 2749 866 2800 Sententia-

64 2833 124 2870 rum
135 2821 222 2872 dictum
234 2821 293 2873 esti
306 2821 421 2884 Magistro.
431 2823 492 2886 Ergo
507 2823 530 2870 ει
540 2821 675 2886 baptismus,
686 2822 727 2886 qui
738 2826 773 2872 cst
789 2821 866 2872 eldea·

65 2892 182 2944 cissimnm
201 2897 367 2946 sacramentum
383 2893 408 2944 iu
427 2907 488 2946 nora
506 2892 570 2958 lege,
585 2894 653 2946 soluit
672 2893 866 2958 irregularitatem
971 2903 972 2920 ³

66 2975 95 3014 er
109 2964 208 3030 bigamia
225 2967 371 3018 contractam.
