1980 3320
3 89 5 142 l

3 149 5 220 ι
284 199 315 237 ns
330 196 476 238 urrunnun
491 201 645 240 nunrmmone
833 188 863 242 tt

2 272 6 373 Ι
54 280 227 336 murmurum,
243 274 331 326 seilicet
353 289 382 326 ex
398 280 463 341 parts
480 289 571 338 ceusu,
587 278 639 342 qula
654 277 681 328 ud
702 279 803 330 eamdem
818 291 864 330 nu·

53 359 116 398 uero
127 345 303 409 generationem
318 346 448 410 ordinatum
463 347 503 398 sed
518 351 624 412 experte
638 349 735 412 subjeeti
746 349 816 400 iulet
827 351 864 400 dl·

3 431 4 434 ’
54 420 187 469 versitatum
201 417 331 468 seeundum
353 431 481 468 numerum,
499 419 528 468 Et
541 419 593 470 iden
608 421 656 470 hue
674 420 753 471 relatio
767 424 801 471 est
817 433 864 472 unu

3 455 5 570 i
54 494 78 541 et
94 490 236 554 multiplex;
251 494 276 540 et
289 488 413 540 seeundum
427 489 488 553 qndd
503 493 539 540 est
552 490 670 554 multiplex
683 503 711 542 ex
725 496 789 556 parte
808 493 865 543 sul·

3 571 4 598 r
51 565 115 625 metr,
126 561 274 626 srgmllentur
284 559 321 610 uls
330 561 469 623 numinibus,
480 575 548 610 uuor
561 565 584 612 et
598 563 725 618 maritus:
738 563 864 614 secundini

3 699 5 766 y
54 638 129 684 autem
141 632 205 698 quod
215 634 252 682 est
265 644 326 695 una,
339 631 480 696 signillestur
491 632 535 683 hoo
543 633 644 695 nomine,
656 635 864 687 matrimonium.

2 804 6 1023 1
361 809 518 862 indiculus
534 811 564 862 ll.

155 935 244 980 Utrum
254 933 436 981 matrimonium
448 931 613 978 conuenienter
623 935 766 980 nominetur.

85 1062 121 1112 nd
137 1059 266 1110 secundum
278 1058 312 1108 sie
325 1057 461 1123 proreditur.
475 1057 639 1123 Videturqudd
648 1059 814 1110 matrimonium
827 1060 865 1111 in-

55 1130 228 1182 convenienter
242 1129 380 1180 nominelur,
398 1127 456 1189 Quia
469 1129 623 1180 denominatio
645 1130 713 1182 debet
729 1131 778 1180 lieri
795 1129 864 1182 idl-

56 1203 143 1266 gniori.
165 1201 214 1252 Sed
228 1204 294 1264 pater
307 1199 397 1264 dignior
408 1203 444 1250 est
457 1204 536 1252 matre.
549 1203 607 1262 Ergo
617 1202 694 1266 magle
707 1202 773 1252 debet
788 1203 864 1254 deno·

3 1313 4 1340 ἦ
56 1273 140 1323 minari
154 1273 247 1336 epatre
262 1271 329 1335 quim
341 1271 354 1320 i
366 1275 436 1322 matre
446 1271 579 1339 conjunctio
594 1271 722 1336 utriusque.

86 1349 112 1394 ε.
133 1345 269 1403 Praeterea,
287 1355 324 1392 res
339 1341 424 1392 delent
445 1341 586 1392 denominari
606 1342 635 1392 el
655 1355 683 1392 eo
703 1342 865 1406 modenule

57 1413 159 1464 emenda
168 1423 227 1474 sua,
241 1412 295 1476 qnia
310 1412 468 1476 uratioquam
483 1412 598 1476 signifieat
612 1425 712 1472 nomeu,
732 1415 767 1462 est
781 1413 868 1463 dedui-

57 1485 88 1535 lio
94 1521 103 1549 ,
117 1501 133 1532 n
146 1489 173 1534 ut
190 1483 274 1534 dicitur
284 1482 308 1532 iu
322 1483 362 1532 lt.
373 1483 513 1548 Meloplryr.
525 1484 592 1548 (lert.
602 1483 653 1547 ¹⁸)'·
665 1483 711 1533 Sed
723 1482 809 1546 nuptis
818 1495 865 1534 non

61 1561 110 1605 ut
132 1555 163 1604 de
184 1553 287 1604 essentia
308 1553 454 1608 matrimonii.
466 1547 528 1618 Ergo
546 1565 593 1606 nou
613 1555 680 1605 debet
695 1553 865 1605 matrimonium

61 1627 159 1688 nuptia
172 1623 296 1688 appellari.

89 1701 113 1747 e.
129 1699 260 1756 munerea,
274 1696 362 1761 speeies
376 1709 422 1748 nou
441 1701 519 1761 potest
535 1697 628 1762 proprio
641 1697 733 1748 nomine
749 1695 864 1746 nominari

59 1770 87 1819 alo
103 1757 135 1820 eo
152 1767 216 1832 quod
231 1771 268 1817 est
280 1767 381 1831 generis.
394 1767 438 1818 Sed
458 1768 589 1831 conjunctio
607 1772 642 1818 est
656 1773 728 1830 genus
740 1767 768 1816 ud
786 1767 868 1816 matri·

3 1901 4 1904 Ἴ
58 1841 176 1891 monium.
200 1839 261 1901 Ergo
271 1849 318 1887 non
329 1841 406 1902 potest
420 1839 655 1903 proprld‘oonjugium
667 1837 787 1888 nominari.

85 1911 139 1962 Sed
158 1911 184 1960 in
198 1909 336 1960 ooutrnrium
350 1913 386 1960 est
403 1909 533 1960 eommunis
547 1923 601 1961 usus
613 1910 767 1974 loquentium.
858 1927 860 1932 ·

90 1983 295 2048 (consensum-
302 1980 360 2030 cum
369 1981 436 2030 matri
446 1980 543 2034 manime
553 1980 668 2032 moumlrat
678 1980 802 2031 edummlo
813 1993 869 2045 pro·

60 2056 90 2106 lis
107 2053 228 2110 oriolum,
245 2049 307 2102 reule
319 2053 364 2102 lroo
382 2053 562 2115 sacramentum,
576 2053 788 2108 matrimonium,
803 2052 869 2114 quasi

60 2127 158 2176 nmtrr'e
169 2125 290 2172 munium
300 2123 395 2184 diuitum
403 2126 427 2172 et
438 2125 530 2186 propter
539 2123 752 2186 desponsationem,
763 2123 788 2172 iu
802 2123 870 2185 nujus

61 2195 212 2248 solemnitate
232 2193 306 2256 capita
320 2191 453 2243 nubentium
467 2193 585 2254 uelantur,
599 2193 662 2244 renti
676 2196 773 2257 nuptia
787 2191 869 2243 dionu-

60 2273 109 2332 lnr‚
124 2279 153 2316 ae
164 2265 266 2328 denique
278 2269 370 2329 propter
387 2263 431 2314 uiri
443 2263 591 2328 mulierisque
603 2265 798 2328 oonJ'unetionem,
811 2277 871 2314 eom

59 2335 202 2404 jurgium.)
571 2357 572 2360 ¹

94 2408 236 2474 ltespondeo
248 2406 386 2470 dicendum,
397 2407 458 2471 quod
471 2407 494 2458 in
509 2407 652 2459 matrimonio
662 2410 699 2458 est
711 2405 753 2456 tria
762 2405 867 2457 mnside·

62 2494 115 2534 rure
125 2496 132 2531 :
141 2478 217 2545 primo
227 2477 349 2528 essonuam
360 2478 431 2540 ipsius
437 2515 447 2542 ‚
456 2493 507 2542 unu
515 2483 552 2530 est
560 2479 702 2542 conjunctio,
713 2482 737 2528 et
744 2475 871 2528 secundino

62 2556 109 2606 imo
125 2549 260 2602 nominatur
271 2549 434 2614 conjuginm,¹
449 2549 549 2608 secundi
569 2561 660 2600 oausam
679 2549 745 2613 ejus,
766 2561 816 2612 uum
833 2551 871 2598 eet

64 2621 231 2691 desponsatio,
246 2624 269 2670 et
280 2619 404 2672 seeundum
420 2623 464 2671 hoo
475 2626 568 2674 voratur
584 2622 692 2685 nuptio,
708 2619 721 2670 i
738 2619 873 2682 pulmonis

65 2699 91 2749 in
108 2697 159 2761 ipsu
171 2690 318 2744 solemnitate
335 2691 533 2756 desponsationis,
550 2705 595 2757 qua
614 2691 783 2742 matrimonium
799 2689 872 2754 perli-

65 2770 138 2829 oitnr,
152 2764 233 2828 capita
250 2763 384 2814 nubentium
407 2765 523 2826 uolantum
539 2762 607 2815 lerl'rd
637 2763 759 2822 effectum,
775 2761 814 2823 qui
836 2761 873 2808 est

67 2841 162 2904 proles,
178 2839 203 2888 et
223 2835 257 2885 sin
270 2833 352 2885 dicitur
372 2836 569 2886 matrimonium
584 2833 626 2897 (ul
645 2830 785 2894 Augustinus
800 2827 871 2888 dicit,

68 2913 166 2964 Contra
181 2905 336 2971 Faustum),
350 2919 379 2958 ex
390 2908 434 2958 hoo
444 2906 505 2971 qudd
522 2905 603 2956 muller
616 2914 663 2954 non
675 2902 756 2953 ueneat
769 2899 798 2950 ult
811 2895 874 2946 uliud
