1970 3326
148 217 182 268 ld
290 227 491 282 surruuamruu,
508 231 601 276 quassa.
619 231 681 282 xtra,
698 210 756 268 aar:
769 212 809 268 ιιι

150 309 190 358 tar
203 308 274 372 gratia
291 309 367 358 contra
380 307 464 358 uulnus
478 307 682 372 concupiscentiae,
697 305 805 357 deherertl
818 317 905 358 omues
916 307 979 362 ho-

148 377 225 429 mines
241 377 408 428 matrimonium
420 379 562 442 contrahere,
577 381 683 442 essetque
696 369 789 466 stultum
801 377 866 428 ualde
882 377 979 433 ama·

148 449 255 500 trimonio
266 449 388 499 abstinere.

182 522 205 570 t.
221 521 344 582 Preterea,
356 518 476 570 infirmitas
491 532 538 570 uon
554 518 636 584 accipit
649 519 839 570 medicamentum
854 521 883 570 alr
901 534 938 573 eo
956 523 979 575 de

147 603 195 655 quo
208 591 292 654 accipit
304 587 464 641 intensionem:
476 589 522 642 Sed
532 603 573 656 per
587 589 755 642 matrimonium
768 589 979 656 coucupiscentia

147 662 233 726 accipit
252 659 422 722 intensionem,
441 663 511 726 quia,
531 661 590 712 sicut
613 661 667 712 dicit
690 661 844 726 Philosophus
864 663 891 712 in
919 665 979 716 lll.

149 733 246 788 ditio,
266 749 280 781 a
300 731 434 782 insatiabilis
454 738 489 784 est
506 731 693 798 concupiscentiae
715 727 848 798 appetitas,
864 737 890 784 et
917 749 974 800 per

147 804 303 868 operationem
316 815 438 867 congruam
453 809 554 868 augetur.
575 805 633 866 Ergo
649 803 739 854 videtur
755 803 815 868 quod
831 805 856 854 in
874 807 972 858 matri-

147 873 227 924 monio
243 887 289 924 non
304 873 434 925 conletatur
451 875 575 926 remedium
590 875 669 940 gratiae
686 879 764 925 contra
782 874 972 940 coucupiscen-

148 943 212 994 tiam.

179 1015 226 1066 Sed
246 1021 343 1078 contra,
364 1015 465 1069 definitio
479 1021 502 1068 et
522 1017 639 1070 definitum
654 1018 735 1069 debent
751 1018 860 1088 converti.
871 1018 925 1070 Sed
938 1019 968 1072 in

149 1085 283 1138 delinitione
297 1089 433 1138 sacramenti
452 1089 544 1152 ponitur
558 1087 678 1140 causalitas
699 1087 786 1154 gratiae.
805 1087 878 1154 argo,
900 1089 963 1142 citur

148 1155 319 1209 matrimonium
332 1159 363 1209 sit
374 1163 547 1222 sacramentum,
559 1157 603 1210 orit
616 1161 694 1224 gratie
709 1171 785 1210 causa.

179 1229 308 1293 Preterea,
335 1229 472 1292 Augustinus
492 1231 548 1280 dicit
569 1230 627 1296 (tta.
649 1232 684 1280 De
704 1229 764 1280 bono
787 1225 963 1291 aidirttatr's,

147 1311 200 1365 cap.
216 1298 265 1364 8),
280 1299 338 1364 quhd
360 1299 529 1352 matrimonium
544 1304 580 1350 est
592 1299 684 1364 aegrotis
705 1301 728 1350 io
747 1302 881 1352 remedium.
907 1305 960 1355 Sed

147 1375 196 1421 noa
214 1374 250 1422 est
272 1371 296 1420 in
314 1369 451 1434 remedium,
466 1369 511 1421 uisi
529 1371 680 1436 inquantum
702 1372 800 1435 aliquam
819 1369 958 1425 efficaciam

147 1438 226 1492 hahet.
237 1441 295 1504 Ergo
306 1441 376 1490 hahet
390 1440 475 1505 ahquid
484 1441 592 1493 efficacia
606 1441 635 1491 ad
648 1441 812 1506 reprimendam
829 1444 966 1506 concupis·-

146 1513 255 1563 centiam.
270 1513 313 1563 Sed
326 1512 512 1576 coucupiscentia
524 1526 570 1564 non
584 1511 713 1577 reprimitur
726 1512 771 1563 nisi
785 1527 826 1578 per
841 1515 957 1576 gratiam.

148 1583 209 1646 Ergo
220 1582 244 1633 in
255 1583 306 1647 ipso
321 1584 435 1632 confertur
445 1583 527 1645 gratia.

180 1652 370 1716 (Coacnmro-
391 1652 573 1715 Matrimonium,
590 1654 651 1716 quod
666 1652 691 1703 in
704 1652 749 1703 fide
758 1653 842 1704 Christi
852 1657 957 1707 coutra-

145 1722 218 1782 hitur,
235 1724 304 1774 hahet
316 1723 376 1786 qudd
389 1722 483 1786 gratiam
500 1723 610 1783 conterat,
625 1723 653 1772 ad
667 1736 695 1774 ea
705 1724 820 1787 operanda
835 1724 958 1788 adjuvau-

146 1797 195 1843 tem
207 1806 257 1856 quae
269 1793 293 1842 iu
307 1793 454 1844 matrimonio
463 1793 616 1856 requiruntur.
632 1794 642 1858 )

179 1863 315 1926 Respondeo
335 1863 473 1925 dicendum,
487 1863 548 1927 qudd
560 1864 619 1913 ciret
638 1864 682 1914 hoo
699 1863 740 1912 luit
753 1863 837 1928 triplex
857 1866 952 1928 opinio.

145 1932 243 1992 Quidam
264 1933 324 1984 euim
345 1934 461 1995 dixerunt,
479 1933 539 1996 qudd
559 1933 727 1984 matrimonium
747 1936 810 1986 nullo
829 1937 899 1986 ruodo
913 1943 956 1990 est

146 2013 217 2054 causa
235 2003 326 2068 gratia,
345 2005 384 2054 sed
404 2009 439 2054 est
452 2003 542 2054 tantiam
564 2005 663 2068 siguum.
681 2005 725 2056 Sed
746 2007 791 2056 hoc
808 2017 854 2056 uon
872 2011 956 2069 potest

147 2075 218 2138 stare3
233 2075 298 2138 quia,
314 2075 438 2125 secuuddm
449 2076 505 2136 hoc,
520 2076 544 2125 in
556 2076 619 2126 nullo
633 2075 757 2128 abundaret
771 2076 784 2126 a
802 2079 956 2130 sacramentis

146 2146 233 2197 veteris
249 2145 315 2210 legis·
330 2146 394 2196 Unde
411 2159 457 2196 non
473 2150 533 2198 esset
551 2147 625 2212 aliqua
641 2147 703 2198 ratio
714 2159 786 2211 quare
799 2151 952 2200 sacramentis

146 2230 213 2268 nova
227 2217 284 2280 legis
298 2221 495 2282 annumeraretur;
509 2219 570 2283 quod
583 2219 644 2269 enim
655 2219 781 2269 remedium
795 2219 893 2282 prebeat
910 2234 951 2271 sa-

145 2287 281 2339 tisfaciendo
305 2289 508 2354 concupiscentie,
524 2303 553 2340 ue
569 2290 593 2340 in
611 2303 715 2354 preceps
728 2293 788 2353 ruat,
804 2290 856 2339 dum
876 2290 951 2342 nimis

144 2363 259 2423 metatur,
275 2359 355 2409 habuit
375 2359 444 2410 etiam
458 2359 482 2410 iu
497 2361 569 2411 aeteri
586 2361 650 2425 lege,
666 2373 695 2411 ex
709 2361 762 2424 ipsa
780 2365 857 2410 natura
870 2363 949 2414 adds.

145 2429 176 2479 Et
191 2429 243 2480 ideo
257 2429 295 2480 alii
307 2429 426 2495 dixerunt,
440 2431 501 2497 qndd
520 2432 636 2482 confertur
648 2431 680 2482 ilti
693 2432 765 2495 gratia
782 2431 808 2480 in
821 2431 899 2482 ordine
916 2435 946 2484 ad

142 2511 262 2551 recessum
276 2499 289 2551 t
302 2501 376 2563 malo,
391 2502 444 2566 quia
466 2507 587 2554 excusatur
609 2505 673 2552 actus
689 2502 823 2564 tpecoato,
838 2503 877 2565 qui
893 2503 947 2555 siue

143 2572 290 2622 matrimonio
301 2576 419 2636 peccatum
432 2577 500 2626 esset.
513 2574 557 2624 Sed
571 2575 614 2624 hoc
629 2575 692 2624 esset
702 2571 772 2622 nimis
783 2585 876 2636 parum3
891 2573 948 2636 quia

144 2641 267 2694 lucretiam
279 2643 304 2692 iu
316 2645 387 2694 aeteri
398 2645 447 2709 lege
458 2645 548 2696 hahuit.
559 2645 588 2694 nt
600 2643 653 2694 ideo
665 2643 753 2703 dicunt,
765 2643 824 2705 quod
842 2643 896 2694 lacit
908 2657 946 2695 re·

143 2715 226 2765 cadere
243 2713 256 2764 d
273 2715 347 2778 malo,
363 2716 388 2765 in
406 2719 517 2780 quantum
531 2713 667 2777 constringit
679 2714 897 2778 mnoupisceutiam,
912 2727 944 2767 ne

143 2787 209 2836 extra
224 2783 436 2838 hona‘matrimouii
448 2787 549 2848 teratur3
564 2797 611 2836 nou
629 2788 704 2836 autem
721 2785 868 2850 pergratiam
881 2785 944 2836 illam
978 2835 979 2854 ἶ

142 2852 173 2903 tlt
188 2855 278 2920 aliquod
291 2857 399 2908 auxilium
410 2857 439 2906 ad
453 2856 511 2907 hene
524 2855 671 2920 operandam.
688 2855 731 2906 sed
745 2857 788 2906 hoc
808 2869 854 2907 non
866 2860 944 2921 potent
978 2917 979 2920 Ἴ

142 2927 218 2992 sturm
231 2927 285 2992 quia
303 2929 383 2980 eadem
397 2927 467 2993 qratia
482 2929 518 2979 eat
529 2939 580 2993 que
590 2926 687 2992 impedit
704 2931 823 2992 peceatum
830 2963 840 2992 ‚
851 2933 875 2980 et
892 2939 944 2992 qna
