1948 3312
112 149 149 186 DE
162 147 330 187 mmmmm
342 149 372 186 Π
386 147 508 189 'unicam
520 150 544 188 nt
557 149 650 189 ΙῦῦΙῦΙΟ
664 149 789 191 (imfim-
807 149 850 200 571

44 227 102 275 tam
123 223 193 274 bouis
207 223 273 288 qnirn
295 225 374 287 maiis,
389 224 493 289 quamuis
511 228 558 277 tota
578 222 676 276 Trinitas
696 226 787 288 Jndinet
807 240 848 292 per

45 292 224 344 anctoritatem.
237 295 265 344 Et
279 293 328 344 ideo
339 293 406 344 etiam
420 297 510 357 oportet
522 299 547 346 ut
564 307 692 346 assessores
706 297 792 347 indicis
806 298 847 347 tru-

46 373 150 413 manam
164 366 265 412 naturam
276 363 382 424 habeant,
392 363 467 427 inqna
479 365 607 428 possintne
619 365 722 416 omnibus
733 367 816 430 (bonis
823 371 848 418 et
867 421 868 425 ,

48 431 142 496 rnatu)
155 433 234 484 rideri.
248 434 277 484 tit
291 434 325 483 sis
335 434 421 498 anguiis
433 447 480 486 nou
492 435 600 498 competit
609 435 728 500 judieare3
744 437 848 500 quereris

49 502 135 566 angeli
153 503 221 553 etiem
238 503 393 567 aliquomodo
412 505 500 570 possint
513 504 558 555 diei
574 505 678 568 judicare
685 541 695 569 ,
710 506 795 558 scilieet
808 519 847 571 per

49 574 178 623 munatius
191 573 382 638 approbationem.

87 643 124 694 Ad
136 641 233 706 primurn
252 657 305 708 eqo
320 644 453 705 uiuendum,
468 645 528 708 qnod
542 645 600 696 sient
617 659 645 696 er
666 647 745 698 Glossa
764 645 847 697 ibidem

51 716 137 778 patet,
156 713 231 776 unguii
247 726 297 765 snm
311 715 401 767 christu
418 715 528 776 uenient,
544 727 590 766 non
607 721 632 766 ut
646 717 736 781 judiees
744 751 753 778 ‚
768 717 807 767 sed
820 719 848 765 nt

53 785 106 834 sint
120 799 136 832 ιι
148 787 219 834 testes
236 786 383 836 humanorum
396 790 501 848 aetnam,
516 787 558 838 sni
573 799 667 852 quornm
687 788 788 839 custodia
806 789 848 838 ho·

53 854 136 905 mines
150 853 208 906 bene
221 855 257 906 nei
266 855 325 906 maie
338 859 439 920 egerunt.
450 873 464 904 n

88 923 254 974 Adseeuudnnn
263 925 390 986 dicendum,
400 925 459 989 qnod
470 937 551 977 nomen
563 927 653 978 Tironi
665 927 795 979 attribuitur
808 941 848 979 en·

54 993 119 1058 qeiis
131 994 221 1044 ratione
236 995 297 1046 iltius
308 994 389 1059 judieii
407 997 467 1059 quod
482 997 541 1046 Dens
553 1007 643 1060 semper
655 1002 757 1058 exeruet,
771 998 848 1049 omnia

53 1064 186 1128 iustissime
196 1065 355 1128 qnhemandoq
367 1066 431 1130 cnjus
443 1066 524 1129 judieii
535 1067 609 1128 angeli
618 1069 671 1116 sunt
683 1067 848 1130 mammone

55 1138 193 1186 executores
206 1137 229 1185 et
239 1137 425 1200 promulgatores.
439 1136 483 1186 Sed
500 1135 609 1200 judicium
630 1135 690 1197 quoti
705 1136 734 1186 de
744 1135 848 1188 omnibns

55 1218 101 1270 per
114 1206 229 1256 hominen
242 1205 354 1258 corutum
370 1206 421 1268 iet,
435 1207 506 1258 etiarn
522 1206 616 1269 requirit
629 1206 732 1257 homines
743 1218 849 1259 ιιιοιιο-

54 1288 121 1328 res.⁴

58 1369 60 1376 ·
89 1348 124 1398 ad
143 1345 234 1398 tertium
253 1347 386 1410 dicendum,
401 1347 461 1412 qnod
482 1347 611 1400 horninibus
622 1349 762 1412 promittitur
780 1359 849 1412 ange

54 1421 133 1470 iorum
141 1417 265 1482 equalitas,
277 1422 384 1482 qnantum
398 1419 425 1470 ad
435 1419 552 1484 premium
561 1418 692 1470 essentiale.
702 1417 763 1468 Nihil
772 1421 848 1468 tanen

56 1488 167 1553 prohibet
184 1488 272 1552 aliquod
295 1490 413 1553 preminur
435 1489 571 1541 uendentaie
592 1488 693 1539 exhiberi
710 1485 847 1550 ironisiins,

54 1559 119 1622 qnod
139 1559 225 1621 angelis
236 1571 281 1610 non
296 1559 399 1622 dabitur,
411 1563 436 1610 nt
457 1563 519 1624 patet
532 1561 560 1611 ie
574 1559 664 1610 anaeole
681 1557 794 1624 uirqinnnr
809 1561 848 1608 ant

56 1631 192 1694 martyrum.
207 1627 350 1680 assimiliter
362 1631 437 1694 potest
451 1629 495 1680 ‹iiei
509 1631 537 1681 eie
550 1627 671 1694 judiciaria
680 1631 802 1692 potestate.

316 1771 317 1776 ¹
348 1805 506 1856 nuncnune
522 1804 561 1855 ιι.

135 1933 218 1982 Uirium
227 1932 341 1977 deamones
350 1933 492 2038 ostantentur}
500 1931 642 1976 sententium
650 1932 742 1978 Jneiieis
751 1933 778 1976 tn

407 2005 478 2038 umaro
489 2006 523 2039 oa.

92 2125 125 2177 Ati
139 2126 242 2188 quartm
256 2123 290 2174 sie
306 2121 443 2186 precentur.
453 2121 545 2172 Videtur
560 2121 620 2186 queri
632 2125 683 2187 post
695 2121 755 2173 diem
766 2120 848 2184 jniieii

59 2199 175 2250 demones
193 2205 239 2244 uon
258 2197 397 2256 exequentur
415 2191 550 2243 sententiam
571 2193 659 2242 tudinis
678 2191 703 2241 iu
724 2192 848 2241 damnatos.

58 2267 132 2330 Quia,
152 2263 274 2316 secundini
286 2263 434 2328 Apostolum,
445 2263 464 2312 1.
478 2263 548 2317 cor..
563 2262 616 2320 xv„
630 2278 644 2308 ιι
660 2265 714 2311 inne
729 2263 848 2312 serenabit

58 2348 150 2390 ornnem
160 2335 312 2399 principatum
328 2335 351 2383 et
365 2334 501 2397 potestatem
518 2334 542 2382 et
555 2332 670 2381 vitutem.
689 2345 703 2376 n
720 2331 779 2393 erqo
795 2343 848 2380 ues-

61 2408 120 2460 sebit
132 2406 205 2458 omnis
215 2405 322 2470 prelatio.
330 2404 377 2455 sed
387 2401 469 2466 exequi
479 2400 566 2452 tudinis
575 2401 719 2461 sententiam,
730 2401 849 2463 qnamdam

62 2479 152 2531 denotat
164 2475 324 2542 prelationem.
347 2473 405 2537 Ergo
419 2475 533 2524 demones
549 2473 603 2536 post
623 2471 683 2522 diem
701 2469 782 2533 judieii
803 2483 848 2521 non

61 2549 198 2613 exequentur
210 2546 343 2596 renuntiem
357 2544 449 2599 iudicis.

92 2623 116 2669 t.
134 2619 255 2676 nausea,
269 2616 384 2668 demones
406 2613 478 2676 rengis
491 2615 641 2676 peecaverunt
654 2610 720 2674 qniur
734 2611 846 2662 nomines.

64 2691 120 2756 Ergo
133 2701 176 2740 non
187 2691 222 2739 est
232 2687 318 2751 justum
329 2685 387 2750 qnod
401 2684 506 2735 honines
517 2682 680 2746 peroauuues
693 2685 846 2746 torqueantur.

62 2769 65 2778 ’
94 2756 330 2820 s.1³rnterea,siont
349 2753 465 2806 demones
487 2755 610 2816 suggerunt
628 2751 756 2802 lnonriniins
776 2752 846 2810 maia,

62 2833 93 2885 iia
105 2829 177 2896 angeli
190 2828 244 2880 boni
256 2830 378 2892 anqernnt
390 2827 457 2877 ione.
471 2825 517 2874 Sed
529 2823 646 2885 praemiare
659 2823 728 2873 bunos
748 2835 793 2872 uon
806 2823 849 2872 erit
