1970 3326
151 119 179 162 68
286 121 486 176 surrnsnnnrun,
503 121 594 168 osmer.
611 123 683 174 narr,
701 122 755 162 nar.
774 125 810 162 nr.

433 305 593 356 anniculus
610 305 646 356 ΙΙΙ.

148 438 233 482 viriam
251 435 404 481 sacramentum
418 435 450 479 sit
461 433 621 492 principalius
635 431 701 478 inter
714 433 774 478 tona
784 434 964 484 matrimonii.

176 565 208 614 tal
219 563 311 613 tertium
324 560 357 612 sic
370 561 506 626 proceditur.
515 561 610 612 Videtur
621 559 683 624 quod
695 561 879 611 sacramentum
901 577 963 615 nan

145 637 175 687 sit
188 634 335 698 principalius
349 634 409 683 inter
422 634 481 684 bona
497 631 645 683 matrimonii.
662 631 719 690 Quia
729 647 743 678 n
753 631 804 681 fiais
818 635 854 682 est
868 635 963 696 potis-

146 708 233 758 simum
248 707 272 755 in
288 718 432 768 unoquoque.
445 704 512 755 »Sed
523 705 598 767 proles
607 706 644 754 cst
653 701 792 754 matrimonii
803 703 865 754 linis.
887 705 966 770 Ergo

145 779 219 841 proles
233 782 267 828 est
283 775 431 841 principalius
445 775 583 826 matrimonii
599 776 693 826 bonum.

178 854 201 900 t.
214 851 336 910 praterea,
348 847 504 912 principalius,
514 846 538 896 in
548 847 635 897 rationo
646 845 741 910 speciei,
755 849 791 896 est
801 845 963 913 differentia,

146 933 197 984 quae
215 920 315 983 complet
335 918 436 982 spacium
447 955 453 980 ,
466 917 531 982 qnam
544 929 627 980 ganum
644 916 703 966 sicut
717 917 789 968 forma
805 917 875 980 quam
895 934 965 971 ma-

146 992 211 1056 teria,
222 991 246 1042 in
261 990 423 1042 constitutione
440 989 474 1040 rei
486 989 606 1038 naturalis.
618 989 663 1039 Sed
675 992 861 1039 sacromentum
876 1004 962 1042 com-

146 1063 203 1126 petit
216 1060 359 1113 matrimonio
372 1074 401 1112 er
414 1058 501 1110 ratione
510 1059 546 1108 sui
555 1058 653 1122 generis,
663 1059 747 1122 protes
756 1063 834 1111 antem
842 1063 867 1110 et
880 1064 963 1124 fides

146 1149 174 1186 ex
188 1134 274 1185 ratione
282 1132 425 1193 differentia,
436 1131 460 1180 in
472 1134 583 1194 quantum
594 1134 629 1181 est
642 1130 685 1180 tale
695 1135 871 1182 sacramentum.
881 1135 957 1200 Ergo

145 1207 188 1256 alia
208 1208 252 1256 duo
265 1207 318 1255 sunt
334 1203 406 1268 magis
421 1201 556 1267 principalia
578 1201 601 1251 in
620 1201 763 1253 matrimonio
780 1203 848 1266 qaam
868 1217 976 1262 sacra-¹

145 1283 256 1328 mentum.

176 1355 198 1399 3.
224 1351 353 1408 praterea,
370 1346 429 1397 sicut
446 1345 562 1398 invenitur
580 1345 749 1396 matrimonium
770 1346 819 1398 sinc
839 1348 908 1412 prole
929 1357 958 1404 et

144 1423 196 1484 tile,
207 1422 239 1472 ita
250 1418 422 1470 invenitursine
432 1417 634 1483 inseparabilitate;
646 1417 704 1467 sicut
714 1421 777 1481 patet
785 1421 876 1487 quandp
886 1423 957 1474 alter

144 1493 266 1556 conjugum
289 1495 342 1541 ante
366 1489 534 1540 matrimonium
556 1493 735 1540 consummatum
758 1491 785 1541 ad
808 1490 955 1553 religionem

144 1564 234 1614 transit.
250 1563 308 1625 Ergo
323 1575 365 1612 nec
377 1574 406 1612 ex
422 1562 465 1612 hac
478 1561 564 1613 ratione
578 1564 763 1612 carnunculam
779 1564 813 1613 est
826 1565 955 1618 matrimo-

144 1636 182 1687 nio
195 1634 351 1701 principalius.

178 1711 201 1756 l.
216 1711 341 1771 Praeterea,
354 1707 448 1757 effectus
462 1719 507 1757 non
515 1708 590 1769 potest
598 1717 649 1755 csse
659 1703 807 1769 principalior
815 1704 953 1762 salernas.

145 1779 189 1828 Sed
208 1791 346 1842 carisomus,
358 1778 397 1842 qui
409 1782 445 1829 est
459 1791 526 1828 causa
542 1776 699 1839 matrimonii,
714 1777 845 1839 frequenter
858 1778 953 1838 immu.

144 1851 214 1898 tatur.
230 1849 286 1912 Ergo
304 1852 327 1899 et
348 1847 516 1898 matrimonium
532 1845 624 1897 dissolvi
638 1849 728 1910 potest,
743 1851 766 1898 et
778 1846 811 1896 sic
824 1846 953 1914 insepara-

145 1920 220 1970 bilitas
234 1933 279 1971 non
289 1933 379 1984 sempor
389 1917 553 1970 concomitatur
564 1916 742 1969 matrimonium.

177 1997 198 2040 5.
211 1992 339 2054 Praeterea,
356 1993 496 2040 sacramenta
510 2002 561 2052 qnae
573 1990 658 2039 habent
675 1989 779 2040 ellectum
790 1995 948 2061 perpetuum,

144 2063 277 2128 imprimunt
296 2065 457 2112 characterem.
477 2062 520 2111 Sed
535 2060 558 2109 in
572 2061 717 2112 matrimonio
736 2075 783 2112 non
802 2061 951 2125 imprimitur

143 2137 265 2186 character.
275 2135 334 2197 Ergo
342 2145 389 2184 non
403 2134 468 2183 adest
481 2131 505 2183 ei
516 2132 696 2196 inseparabilitas
706 2136 829 2198 perpetaa3
841 2138 865 2184 et
878 2135 947 2204 ideo,

143 2207 201 2258 sicut
221 2209 257 2256 est
279 2203 446 2255 matrimonium
461 2202 510 2254 sine
531 2205 610 2268 prole,
625 2205 655 2253 ita
674 2208 750 2269 potest
767 2217 818 2256 esse
833 2203 885 2257 sine
904 2221 949 2260 sa-

143 2282 267 2330 cramento.
284 2277 313 2326 Et
327 2275 360 2326 sic
377 2275 438 2326 idern
450 2276 509 2340 quod
525 2274 598 2340 prins.

172 2352 214 2401 Sel
236 2353 328 2408 contra,
344 2347 400 2397 illud
419 2348 479 2412 qaod
494 2348 587 2412 ponitur
606 2349 631 2399 in
654 2348 786 2400 definitione
802 2349 835 2401 rai
846 2385 854 2412 ,
867 2357 903 2403 est
919 2359 946 2408 ei

142 2419 239 2472 maximi
253 2419 383 2471 essentiale.
397 2420 439 2470 Sel
454 2419 574 2484 indivisio,
586 2433 636 2483 quae
649 2419 749 2484 pertinet
760 2423 788 2471 ad
795 2435 946 2478 sacramen.

142 2497 213 2550 tuna,
228 2493 318 2557 ponitur
332 2491 356 2542 in
369 2490 500 2542 delinitione
515 2490 582 2556 supra
601 2493 629 2542 de
647 2491 790 2544 matrimonio
808 2493 876 2557 data,
891 2511 944 2550 non

140 2568 216 2615 autem
234 2564 316 2629 proles
333 2563 370 2615 uel
385 2564 455 2628 fides.
477 2563 535 2627 Ergo
552 2567 741 2614 sacramentum
759 2564 818 2616 inter
837 2566 890 2618 alia·
903 2576 945 2624 est

140 2635 282 2688 matrimonio
297 2634 450 2686 essentialius.

171 2707 295 2771 Praeterea,
307 2707 379 2757 uirtus
395 2705 489 2769 divina,
504 2719 555 2770 qua
571 2707 595 2757 in
612 2707 760 2758 sacramentis
774 2709 888 2772 operatur,
902 2721 942 2768 esa

141 2777 253 2829 efficacior
265 2777 332 2844 quim
349 2777 420 2829 virtus
429 2779 537 2828 hnmana.
554 2777 598 2828 Sed
612 2779 695 2843 proles
710 2783 733 2830 et
745 2779 810 2843 fides
820 2780 941 2845 pertineat

140 2851 167 2900 al
182 2851 347 2903 matrimonium
364 2849 487 2903 secundam
507 2849 617 2914 quidest
633 2851 657 2903 in
678 2851 779 2904 otiolum
793 2855 878 2906 maura
893 2856 939 2907 hu·
