1932 3330
175 153 207 192 on
222 151 353 200 ouantes
368 150 495 193 intuatur
511 151 567 200 oum
583 151 702 193 bremon.
755 187 762 217 χ
794 143 840 192 ³28

41 233 98 296 Ergo
112 234 137 282 et
151 243 201 283 non
209 231 317 296 baptizati
329 230 430 282 dolorem
444 229 559 282 sustinent
568 267 577 294 ,
585 243 615 282 er
626 231 670 282 boo
680 227 742 295 quod
756 239 797 294 per
807 233 846 282 de·

41 303 150 356 meritum
163 305 219 356 lde
234 303 320 355 aterum
330 301 379 354 vita
392 302 520 369 privantur.

73 383 95 428 5.
122 378 256 437 Praeterea,
274 375 388 428 absentari
407 375 458 427 dre
473 380 548 427 amata
567 389 613 428 uon
630 379 706 442 potest
724 389 776 430 esse
795 377 847 428 sine

41 449 129 502 dolore.
143 449 189 500 Sed
207 449 272 512 pueri
286 449 412 500 naturalem
431 447 587 514 cognitionem
606 449 695 501 debeo
716 450 846 512 habebunt,

39 526 64 572 ct
81 523 163 574 eadem
178 519 267 571 ratione
287 521 419 572 naturaliter
432 533 485 572 eum
501 521 605 586 diligent.
624 521 683 586 Ergo
707 522 759 574 ebm
772 522 800 574 ab
819 535 848 573 eo

39 595 88 644 sint
102 593 280 659 inperpetuum
294 592 408 658 separati,
418 593 511 646 videtur
520 593 580 658 qubd
594 593 638 645 hoc
647 594 696 646 sine
710 595 787 646 dolore
798 591 847 660 pati

41 664 198 730 nonpossint.

73 736 121 788 sed
130 740 228 788 eontra:
244 736 264 787 si
275 736 341 801 pueri
352 735 518 800 uoubaptuuti
529 739 686 802 postmortem
699 737 798 789 dolorem
811 737 847 786 iu·

40 808 151 859 leuiorem
161 807 276 873 habeant,
292 814 332 860 aut
344 807 453 860 dolebunt
467 809 496 860 de
508 809 592 874 culpe,
602 813 642 860 aut
654 810 681 860 de
697 821 773 874 poena.
786 808 811 858 si
820 810 848 859 de

41 880 125 943 eulpa,
137 877 189 929 cim
204 877 294 943 dculpa
308 877 348 930 illa
361 879 458 930 ulterius
472 879 591 932 emundari
607 892 654 932 uon
669 879 772 946 possint,
785 881 848 932 dolor

38 951 80 1002 ille
92 951 139 1002 erit
150 951 176 1001 in
186 949 370 1015 desperationem
377 949 500 1002 indutuens.
509 951 555 1002 Sed
566 950 619 1002 talis
630 952 693 1004 dolor
701 951 726 1002 in
736 951 849 1003 damnatis

42 1027 79 1074 est
88 1023 175 1074 vermis
187 1022 343 1076 conscientiae.
356 1021 415 1086 Ergo
427 1023 493 1088 pueri
504 1035 606 1074 vermem
620 1025 766 1076 conscientie
776 1023 849 1074 habe-

41 1095 115 1157 buut3
131 1094 201 1146 etsie
217 1105 264 1145 nou
278 1099 340 1146 esset
353 1107 431 1146 eorum
444 1095 656 1160 poeuamitissima,
669 1099 696 1147 ut
708 1095 851 1160 Augustinus

41 1167 106 1218 dicit.
122 1167 148 1218 Si
161 1169 237 1217 autem
248 1167 353 1231 depone
368 1167 480 1230 dolerent,
490 1181 545 1232 ergo
555 1167 606 1218 cium
616 1181 684 1232 prena
694 1181 773 1219 curum
783 1166 847 1231 juste

42 1239 117 1291 alteo
129 1238 169 1301 sit,
179 1239 285 1290 uoluntas
294 1249 372 1290 eorum
383 1239 468 1290 diuinae
478 1239 577 1304 justitie
594 1239 711 1301 obviaret3
726 1244 748 1290 ot
763 1242 798 1290 sic
812 1251 848 1290 ac·

42 1311 137 1362 tualiter
148 1309 258 1362 deformis
267 1313 340 1374 esset,
350 1311 410 1375 quod
424 1323 471 1362 non
482 1311 624 1363 conceditur.
642 1313 702 1376 Ergo
711 1311 799 1362 nullum
809 1311 849 1362 do-

42 1383 117 1434 lorem
134 1381 246 1434 tendent.

75 1455 210 1519 bremme,
224 1455 283 1506 ratio
300 1458 361 1506 recu
374 1462 421 1506 non
433 1455 520 1520 patitur
533 1459 559 1506 ut
572 1455 654 1522 aliquis
666 1454 809 1522 perturbetur
822 1454 850 1506 da

44 1539 73 1578 eo
86 1526 149 1590 (prod
164 1527 189 1576 iu
208 1526 259 1590 ipso
272 1539 319 1577 non
334 1524 380 1576 luit
393 1531 420 1576 ut
433 1528 558 1592 vitaretur3
574 1531 667 1594 propter
682 1528 741 1592 quod
763 1527 852 1578 Seneca

45 1597 126 1662 probat
139 1597 229 1662 (Epist.
243 1597 355 1664 LXXXV,
370 1602 394 1649 et
405 1598 511 1650 similiter
521 1595 561 1652 lib.
572 1599 602 1650 ll.
617 1599 654 1649 De
668 1600 723 1660 iro,
737 1610 791 1663 cap.
801 1597 850 1664 6),

47 1669 108 1734 qudd
125 1687 140 1720 u
156 1669 297 1734 perturbatio
310 1670 336 1720 in
350 1670 479 1736 sapientem
493 1683 540 1722 nou
558 1671 626 1722 cudit.
646 1687 660 1720 o
679 1671 725 1722 Sed
739 1670 763 1720 in
776 1669 852 1734 pueris

48 1747 83 1792 est
95 1741 158 1794 rrtio
171 1745 234 1793 reeta
246 1741 309 1793 nullo
321 1743 401 1794 actuali
414 1747 508 1807 peccato
522 1741 647 1808 obliquata.
668 1741 727 1807 Ergo
741 1755 788 1794 nou
805 1745 852 1792 tur-

48 1809 163 1866 babuntur
180 1815 209 1866 de
222 1815 267 1865 boo
280 1813 339 1878 qudd
355 1815 426 1866 talem
442 1827 535 1879 poenam
552 1815 679 1880 sustinent,
695 1827 763 1880 quam
778 1813 851 1865 nuru

49 1887 110 1938 nullo
126 1887 196 1938 modo
214 1890 346 1950 potueruut.

80 1959 248 2022 (Goumnsro.
257 1985 289 1996 -
298 1957 355 2008 Cim
369 1959 394 2010 iu
403 1958 483 2024 pueris
493 1961 578 2025 absque
592 1959 700 2026 baptismi
709 1959 853 2024 susceptione
885 1989 894 2012 e

50 2031 214 2084 decedentibus
223 2043 270 2083 uon
282 2030 351 2082 inerit
360 2031 436 2096 alique
450 2034 568 2098 proportio
581 2033 610 2084 ad
624 2033 694 2084 vitam
708 2033 746 2084 vel
759 2031 854 2096 gloriam

51 2109 160 2156 eternam
174 2103 372 2167 consequendum,
386 2117 430 2156 uec
450 2103 492 2156 sui
507 2105 574 2170 culpa
587 2105 638 2170 ejus
651 2103 801 2170 privationem
816 2100 854 2152 vel

51 2177 178 2227 carentiam
191 2175 338 2240 incurrerint,
348 2189 377 2228 ex
386 2178 426 2228 tali
435 2177 535 2229 carentia
545 2178 631 2229 nullum
640 2177 771 2228 interiorem
782 2175 854 2224 alllic·

51 2248 139 2300 tionem
152 2249 212 2298 sicut
226 2261 269 2300 neo
279 2247 348 2300 ullam
362 2259 454 2314 predam
465 2249 602 2300 exteriorem
614 2247 754 2314 patientur.)

81 2320 221 2385 Respondeo
243 2317 377 2386 dicendum,
393 2318 453 2384 qudd
472 2321 532 2372 circa
548 2323 592 2373 boc
609 2324 645 2374 est
664 2319 747 2384 triplex
766 2318 853 2384 opinio.

51 2391 150 2450 Quidam
163 2391 225 2442 enirn
235 2391 312 2442 dicunt
325 2391 385 2455 qubd
396 2391 502 2455 predicti
514 2391 579 2458 pueri
591 2392 678 2443 nullum
689 2390 788 2442 dolorem
805 2404 855 2440 sus·

53 2463 174 2524 timebunt,
188 2463 241 2528 quia
255 2463 280 2514 iu
290 2461 324 2514 eis
339 2463 465 2515 aduocatio
480 2465 627 2516 obtenebrata
636 2463 693 2539 egit,
704 2465 730 2511 ut
743 2475 789 2513 uon
800 2474 854 2524 cog·

52 2539 149 2586 noscant
162 2548 188 2585 se
207 2533 311 2586 amisisse
327 2537 389 2600 quod
404 2536 546 2588 amiserunt:
562 2538 621 2600 quod
634 2530 750 2600 probabile
762 2547 808 2584 uou
820 2533 854 2582 vi-

54 2607 128 2670 detur,
143 2610 170 2657 ut
184 2606 261 2657 anima
276 2606 304 2656 ab
314 2618 383 2658 onere
396 2609 498 2672 eorporis
512 2608 613 2660 absoluta
627 2619 655 2658 ca
668 2618 714 2656 uon
725 2607 853 2670 cognoscat,

55 2691 104 2740 qua
118 2677 199 2730 saltem
212 2677 301 2729 rationo
319 2677 453 2744 investigari
462 2679 564 2745 possint,
580 2682 604 2730 et
613 2679 682 2729 etiam
696 2675 767 2728 multb
780 2676 855 2743 plura.

85 2749 116 2802 lit
127 2749 181 2802 ideo
194 2749 233 2801 alii
247 2751 326 2802 dicunt
339 2749 401 2814 qudd
415 2751 439 2802 in
453 2753 489 2804 eis
502 2755 539 2802 est
551 2751 651 2816 perlecta
666 2749 766 2816 cognitio
778 2760 856 2799 eorum

56 2833 106 2886 qua
116 2821 216 2872 naturali
225 2822 351 2886 cognitioni
364 2823 496 2888 subjacent,
511 2827 535 2874 et
548 2826 687 2888 cognoscunt
700 2823 786 2883 Deum,
796 2823 819 2871 et
832 2831 857 2869 se
940 2838 943 2844 ·

57 2893 107 2957 eius
121 2894 213 2948 uitione
227 2895 330 2960 privatos
347 2907 412 2960 esse,
426 2900 494 2950 etex
512 2895 556 2948 boo
572 2897 671 2960 aliquem
688 2894 789 2948 dolorem
806 2903 859 2943 sen-
