2026 3304
263 219 297 256 nn
311 219 473 258 rurnorrmtro
489 219 647 258 rnrrurrarrs.
682 227 686 234 ·
809 210 856 260 itt

80 296 114 346 Ad
124 294 221 345 tortium
238 294 367 357 dicendum,
380 295 441 359 qued
452 308 509 346 uxor
526 295 571 344 uiri
582 295 678 346 efficitur
691 294 795 358 ejusdem
803 298 858 348 atti-

50 366 135 418 nentiae
153 365 331 429 consanguineis
346 365 399 429 viri,
416 365 525 431 quantiam
537 367 565 418 ad
576 367 670 429 gradum
687 365 802 430 eumdem,
816 368 857 419 sed

16 451 18 482 ;
50 451 94 490 non
106 435 221 501 quantum
235 437 263 486 ad
280 436 340 486 idem
350 437 481 488 'attinentia
495 450 574 501 genus.

16 521 17 570 j
80 509 127 558 Sed
139 507 194 571 quia
206 519 236 557 ex
253 505 378 558 rationibus
391 521 448 572 ¹puae
464 508 487 558 iu
504 506 633 572 oppositum
646 507 797 568 inducuntur,
811 510 854 560 ri-

49 580 115 631 detur
131 577 224 628 ostendi
244 578 304 640 quod
321 579 408 628 nultum
429 578 545 628 vinculum
565 591 593 628 ex
607 579 717 630 affinitate
731 583 848 644 causetur,

48 653 76 702 ad
93 651 147 702 itlas
164 649 265 699 renones
278 650 459 713 respondendum
470 652 520 712 est,
530 661 560 700 ne
574 650 672 715 antiqua·
680 649 786 701 Ecclesia
798 664 854 714 pro·

16 749 17 754 1
47 722 131 773 hibitio
152 719 316 770 irrationabilis
334 721 447 770 videatur.

79 794 115 844 rid
135 794 243 854 quartum
256 790 385 852 dicendum,
398 791 457 854 quod
472 789 554 841 mulier
567 803 613 842 uon
630 791 728 841 efficitur
742 793 817 844 affinis
829 794 855 844 in

49 863 126 928 primo
143 874 228 925 genere
237 861 286 912 viro
299 861 337 912 cui
350 862 497 928 conjungitur
510 862 644 923 carnaliter,
656 863 684 911 ut
697 875 725 912 ex
741 863 855 926 praedietis

49 938 122 999 patet.
141 933 207 983 Unde
219 937 387 996 consequenter
408 933 447 983 alii
469 932 559 984 mulieri
573 932 586 983 a
599 932 647 983 uiro
665 934 745 984 eodem
758 934 855 998 cognite

49 1019 96 1058 non
112 1004 216 1056 efficitur
228 1004 305 1054 affinis
322 1004 347 1054 in
364 1007 464 1056 secundo
478 1017 577 1068 genere3
592 1005 653 1055 unde
667 1017 711 1056 nec
724 1003 815 1056 ducenti
829 1008 854 1057 in

49 1090 148 1129 uxorem
171 1088 242 1126 unam
262 1089 354 1140 earum,
374 1077 471 1128 efficitur
494 1076 537 1126 alia
551 1075 627 1126 aiflois
643 1075 668 1126 in
684 1077 751 1127 tertie
770 1089 853 1140 genere

49 1148 181 1200 affinitatis.
201 1148 230 1198 nt
247 1147 279 1198 ita
293 1148 349 1198 duas
364 1148 471 1198 mutieres
482 1148 585 1212 cognitas
598 1147 626 1198 ab
645 1148 726 1200 cotem
739 1149 798 1211 viro,
812 1160 855 1200 uec

50 1221 146 1284 antiqua
157 1218 211 1282 jura
225 1218 298 1269 eidem
316 1217 445 1270 successive
462 1219 562 1282 copulari
578 1220 736 1283 prohibebant.
787 1253 790 1258 -

16 1301 17 1306 ’
80 1291 116 1342 Ad
133 1289 240 1352 quintum
251 1287 385 1351 dicendum,
397 1288 464 1352 quad,
476 1288 536 1340 sicut
549 1289 584 1338 uir
596 1301 643 1340 uon
657 1292 693 1340 est
701 1289 776 1340 utfinis
785 1291 852 1342 uxori

50 1375 98 1414 sne
120 1361 146 1410 in
165 1359 241 1422 prino
260 1371 358 1423 genere,
372 1359 403 1410 ita
425 1372 469 1410 nec
487 1359 585 1410 efficitur
603 1359 677 1410 affinis
690 1361 790 1410 aeounno
803 1361 852 1411 rire

50 1432 154 1494 ejusdem
169 1430 246 1480 uxoris
260 1429 284 1479 in
298 1431 509 1494 secundogenere3
523 1434 547 1481 et
561 1429 594 1480 sic
607 1429 665 1480 ratio
677 1441 723 1480 non
742 1430 851 1494 procedit.

80 1504 116 1554 Ad
128 1505 220 1552 sertum
233 1500 352 1552 dicendum
361 1539 367 1563 ,
377 1502 437 1564 quod
447 1502 561 1552 mediante
570 1501 616 1552 uui
630 1499 727 1566 persona
738 1513 785 1552 non
795 1515 851 1552 con·

48 1574 155 1638 jungitur
178 1571 235 1622 mini
253 1571 312 1635 alia,
326 1573 373 1623 uisi
393 1586 423 1622 ex
440 1573 485 1623 troc
500 1572 560 1636 quod
581 1573 604 1622 ei
623 1572 766 1636 adjungitur.
788 1571 854 1624 Unda

49 1645 167 1694 mediante
187 1642 343 1706 mulioneque
356 1643 412 1693 ruini
422 1647 457 1694 est
471 1643 560 1704 affinis,
574 1641 636 1691 nulia
646 1643 781 1705 personant
793 1641 852 1692 mitri

50 1715 169 1776 attinens,
185 1713 294 1776 nisique
315 1713 349 1764 itti
362 1714 451 1764 metiari
467 1713 615 1777 adjungitur3
631 1712 691 1776 quod
710 1724 757 1761 nou
777 1715 855 1774 petest

50 1799 102 1838 ease
117 1786 165 1836 uisi
178 1797 219 1848 per
231 1785 306 1834 carnis
319 1786 505 1850 propagationem
519 1797 548 1834 ex
561 1783 626 1847 ipsa,
639 1783 677 1832 uel
692 1787 787 1846 propter
801 1795 856 1833 con-

48 1857 194 1922 junctionem
211 1855 401 1906 matrimonialem
420 1857 447 1906 ad
463 1869 529 1918 eanr3
546 1858 569 1905 et
587 1859 684 1918 utroque
699 1853 767 1907 inodo
781 1854 857 1919 atipua

50 1928 176 1986 attinentia
189 1927 302 1978 mediante
316 1927 425 1990 praedicta
436 1926 544 1988 muliere,
556 1925 681 1976 secundum
691 1926 784 1989 antiqua
793 1927 855 1990 jura,

50 2000 108 2050 ruini
120 1998 351 2064 proveniebatpquia
370 1998 430 2050 iilius
443 1999 494 2064 ejus
511 1999 578 2048 etiarn
594 2011 623 2048 ex
640 1998 685 2048 aiio
700 1998 749 2048 viro
761 1997 858 2048 efficitur

16 2115 17 2146 p
50 2074 110 2124 uitri
122 2070 201 2122 attiuis
211 2071 236 2120 in
249 2071 329 2122 eodem
341 2084 438 2134 genere,
452 2071 492 2122 serl
507 2071 532 2121 iu
543 2070 587 2121 alio
596 2069 682 2134 gradu,
697 2072 723 2119 ut
734 2083 765 2120 ex
779 2068 858 2131 reputa

16 2157 17 2232 p
51 2143 116 2207 prius
135 2143 190 2193 data
203 2145 278 2206 patet3
293 2146 318 2192 et
335 2143 418 2192 iterum
435 2143 549 2193 secundus
565 2141 601 2191 uir
620 2142 671 2204 eJus
688 2138 787 2190 efficitur
801 2137 857 2186 mitri
936 2155 942 2164 ·

16 2237 20 2282 p
53 2215 130 2266 affinis
142 2214 167 2262 in
185 2214 284 2264 secundo
293 2225 386 2277 genere.
397 2215 440 2265 Sed
450 2214 490 2264 alii
502 2212 665 2276 consanguinei
675 2211 737 2260 itttus
754 2206 856 2258 mulieris

16 2339 17 2346 χ
53 2297 97 2336 uon
113 2285 273 2348 adiunguntur
288 2284 318 2345 ei,
333 2285 372 2334 sed
384 2285 433 2347 ipsa
445 2284 482 2334 vet
493 2282 679 2348 adjungimus,
690 2281 751 2330 sieut
762 2277 820 2341 patri
834 2280 857 2326 et

16 2363 17 2370 ’
52 2356 134 2418 aratri,
149 2353 175 2404 in
189 2359 297 2418 quantum
311 2354 412 2418 procedit
425 2355 453 2405 ab
470 2353 518 2416 eis,
536 2355 572 2404 uel
583 2352 695 2419 principio
714 2349 856 2408 eorumdem,

16 2457 17 2468 κ
53 2429 113 2478 sicut
130 2425 257 2490 tratribus3
274 2427 335 2478 uude
352 2425 422 2478 trater
440 2425 515 2476 aitiuis
529 2426 589 2489 mei,
605 2425 643 2475 rel
659 2427 734 2488 pater,
747 2433 793 2471 nun
809 2419 860 2480 etita
878 2432 880 2436 ’

16 2543 17 2574 3
53 2499 110 2550 citur
125 2498 186 2548 mihi
204 2497 280 2548 affinis
296 2497 321 2547 in
342 2496 418 2560 aliquo
436 2509 528 2560 genere.
