1954 3314
151 164 197 212 ⁵12
280 173 476 226 sursumsunt,
493 174 583 220 nnssr.
600 175 689 225 auxus,
704 174 762 214 anu.
776 174 801 213 v.

150 250 257 313 probatur
270 249 296 300 in
308 249 337 298 lll
348 250 423 314 Pbps.
434 249 461 298 Si
476 259 530 312 ergo
543 247 607 298 loeus
620 252 682 300 esset
693 248 766 311 major
777 249 873 314 bulo,
885 257 954 306 esset

149 320 209 371 idem
222 319 296 384 majus
310 320 418 370 etminus
430 319 524 382 seipso,
539 318 598 382 quod
616 321 652 368 est
668 318 845 376 iueonueuieus.

180 391 331 458 (concursio.
348 417 379 428 -
390 389 518 442 Necessitas
535 387 648 439 existendi
661 387 684 438 in
702 389 850 454 mallono,
866 391 883 443 d
897 405 952 445 nor·

148 473 204 526 pore
214 460 310 526 glorioso
323 473 352 511 ex
363 471 404 510 sua
418 458 543 510 subtilitate
557 457 650 508 minime
662 457 764 520 tolletur,
776 458 833 522 quin
847 473 898 514 nec
911 477 950 514 rr.

148 531 223 583 rellori
234 544 277 582 nee
291 528 380 582 densari
394 541 493 594 nuqnum
506 527 612 592 poterit.)

179 601 313 663 Respondeo
322 599 450 661 dicendum,
460 597 520 662 qudd
530 609 665 660 eorpusnon
674 602 819 662 eomparatur
827 601 948 654 odiosum

148 670 194 720 uisi
205 669 356 721 mediantibus
368 667 544 719 dimensionibus
554 667 665 731 propriis,
675 667 799 718 muuudbn
809 681 873 733 quas
892 685 947 724 enr-

148 753 192 804 pus
215 739 313 790 locutum
329 736 519 790 obnumsuribituu
538 750 568 788 ex
583 739 688 788 contuetu
708 737 808 802 corporis
830 739 943 794 lomntis.

147 808 212 861 Unde
227 807 287 871 quod
303 820 385 870 eorpus
397 806 487 870 aliquod
507 806 580 858 sitin
599 805 679 858 minori
694 805 744 858 loco
763 807 833 872 quam
852 808 884 860 sit
902 825 944 862 sua

147 876 261 942 quantitas
268 913 277 940 ,
296 878 339 927 boo
353 887 398 926 non
411 879 486 938 potest
503 887 555 928 esse
567 874 613 926 nisi
630 887 671 940 par
682 877 727 926 boe
743 875 807 940 qudd
818 881 942 942 quantitas

147 947 249 1012 eorporis
270 945 361 1010 propria
383 945 480 996 efficitur
500 946 660 1009 aliquomodo
681 944 754 998 minor
769 947 859 1012 seipsb
873 950 940 1011 Quod

146 1018 238 1084 quidem
259 1029 306 1068 non
322 1019 397 1080 potest
413 1015 509 1079 intelligi
528 1016 574 1066 nisi
592 1016 719 1079 dupliciter.
733 1016 784 1068 lino
803 1017 891 1084 ruodo,
911 1035 939 1072 ex

146 1087 272 1140 variatione
282 1085 415 1151 quantitatis
428 1085 488 1136 circu
500 1085 602 1137 eamdem
615 1085 739 1150 materiam
748 1091 774 1138 ut
784 1087 876 1140 soiboet
891 1103 939 1142 ma-

147 1159 205 1210 teria
214 1170 266 1221 qun
275 1156 348 1221 puimb
357 1157 434 1212 subest
441 1167 530 1219 magner-
537 1154 667 1220 qunntitati,
675 1159 756 1220 postea
762 1157 838 1210 subsit
846 1172 935 1223 perse.

145 1227 176 1280 lit
189 1230 234 1280 bne
254 1228 345 1291 qnidam
361 1232 488 1291 posuerunt
504 1225 529 1276 in
547 1225 678 1289 corporibus
698 1225 815 1292 gloriosis,
829 1229 936 1282 doentes
967 1261 968 1268 κ

145 1298 207 1363 qubd
217 1297 332 1364 quantitas
344 1297 379 1348 eis
389 1297 467 1348 subest
480 1295 508 1347 ad
518 1299 611 1358 nulum;
622 1295 655 1346 itu
668 1295 729 1360 quod
743 1295 795 1348 cnm
808 1299 934 1362 voluerint,

144 1373 241 1434 possunt
252 1369 335 1419 babere
353 1379 457 1431 magnam
471 1364 629 1431 quantitatem,
638 1368 662 1416 et
677 1365 728 1416 obm
738 1367 864 1432 soluerint,
878 1384 934 1436 pur-

144 1452 205 1492 uam.
216 1439 262 1491 Sed
279 1441 322 1491 boa
337 1449 383 1490 non
394 1440 469 1501 potest
481 1448 545 1498 esse,
555 1435 609 1500 quia
621 1435 697 1487 nullus
705 1440 793 1500 motus,
805 1439 846 1501 qui
859 1439 933 1492 sitsu-

145 1511 245 1564 enndbm
258 1508 343 1572 aliquid
356 1507 501 1560 intrinsecum
511 1506 557 1569 rei,
565 1511 642 1570 potest
652 1517 701 1558 osse
710 1507 761 1558 siue
770 1507 880 1572 passione
889 1513 932 1563 nb-

144 1581 237 1648 jieienla
249 1577 409 1631 insubstantia.
425 1577 455 1628 lit
472 1577 523 1628 ideo
541 1575 567 1626 in
579 1576 708 1640 corporibus
723 1575 929 1643 incorruptibilibus

146 1651 253 1717 (seilicet
264 1637 409 1709 antestium)
422 1648 459 1698 ast
472 1645 534 1698 solus
544 1648 619 1697 motus
628 1645 721 1710 localis,
733 1646 774 1712 qni
786 1660 834 1699 nou
844 1655 883 1701 est
895 1664 929 1702 se·

143 1720 242 1773 eundum
253 1718 338 1783 aliquid
349 1716 507 1773 intrinsecum.
520 1716 583 1768 llude
598 1717 662 1780 patet
673 1715 732 1780 qubd
748 1719 844 1771 mutatio
856 1735 928 1787 qnan-

143 1791 217 1842 titatis
229 1789 289 1840 eben
302 1787 418 1840 materiem
430 1788 567 1851 repugnaret
580 1785 756 1850 impassibilitati
768 1783 870 1854 eorporis
881 1793 927 1856 plo

143 1860 198 1912 riosi
209 1861 233 1910 et
247 1855 461 1920 incorruptibilitati.
473 1857 502 1907 Et
510 1858 618 1921 praetereu
630 1859 761 1920 sequeretur
775 1857 836 1922 qnbd
846 1873 926 1926 eorpus

143 1929 265 1996 gloriosum
275 1927 409 1990 mundoque
418 1927 480 1976 esset
490 1924 578 1988 rarius,
587 1927 611 1976 et
619 1925 866 1994 quondoquespissius3
876 1932 925 1995 quia

144 2001 196 2054 edm
210 1997 268 2050 nibil
280 1994 350 2047 diuidi
363 1995 438 2059 possit
449 1995 478 2046 ub
491 2007 519 2046 eo
530 1996 558 2047 de
570 1994 665 2048 materia
678 2009 733 2059 sua,
742 1999 878 2064 quandoque
890 2015 925 2054 ea

144 2073 196 2124 dam
207 2066 301 2120 materia
309 2069 370 2117 esset
378 2064 421 2116 snb
434 2065 511 2130 paruis
521 2065 699 2118 dimensionibus
711 2071 875 2135 etqnundoqne
885 2073 923 2124 sub

143 2140 246 2208 unguis,
260 2140 284 2189 et
293 2137 326 2187 itu
338 2135 451 2188 susurret
463 2139 486 2188 et
496 2136 636 2200 densaretur,
651 2139 710 2201 quod
720 2151 767 2190 non
780 2144 920 2204 potestesse.

143 2213 195 2266 ntro
212 2209 278 2261 mono
295 2209 372 2271 pouit
388 2206 486 2271 intensi
506 2207 567 2270 quon
584 2208 698 2285 munuae
716 2210 817 2272 copem
833 2211 920 2276 gnum

143 2281 254 2336 elbeiatnr
266 2275 339 2328 minor
349 2275 425 2340 seipsa
434 2288 474 2340 per
483 2275 630 2327 variationem
643 2276 713 2341 srtds3
726 2277 759 2327 ita
768 2277 857 2332 urbium
865 2281 919 2348 qndt

142 2353 217 2418 partes
225 2345 324 2411 corporis
334 2344 425 2409 plorimi
436 2345 564 2397 subintrent
577 2357 602 2396 se
612 2345 723 2410 inuieem,
731 2350 755 2397 et
765 2347 800 2399 sia
812 2352 918 2406 redeatm
961 2381 962 2400 r

142 2422 342 2486 quantamcumque
354 2427 447 2480 pervum
458 2415 615 2479 quantitatem.
631 2415 659 2466 nt
672 2417 715 2468 boe
728 2417 819 2480 qnidam
839 2433 918 2486 posue·
961 2409 962 2471 l

141 2492 212 2552 runt,
226 2487 328 2538 dieentes
345 2484 405 2550 qudd
418 2484 503 2536 ratione
514 2497 561 2535 sna
570 2483 701 2536 subtilitatis
711 2498 793 2551 eorpus
802 2490 917 2553 glorium

141 2555 242 2622 babebit,
251 2557 310 2622 qnod
322 2555 396 2621 possit
407 2567 458 2606 essu
469 2553 536 2605 simul
548 2565 600 2606 eurr
611 2555 655 2606 ulio
665 2565 758 2620 corpore
766 2569 814 2608 non
826 2561 916 2624 glorioso
960 2567 961 2611 l

141 2629 168 2682 in
180 2628 259 2682 eodem
267 2627 331 2690 loao;
342 2627 366 2677 et
374 2623 477 2676 similiter
490 2625 565 2687 potest
578 2635 624 2674 una
636 2637 689 2690 pers
701 2637 753 2678 esse
763 2625 825 2680 iutra
837 2631 912 2696 abun,

126 2739 130 2744 „
141 2701 165 2752 in
180 2703 267 2752 tantum
285 2697 346 2762 qudd
359 2699 430 2749 totum
450 2707 530 2761 eorpus
550 2694 671 2758 gloriosum
685 2698 767 2762 potem
779 2699 865 2755 intrare
880 2717 915 2770 per
959 2749 960 2753 ,

140 2770 257 2821 minimum
266 2780 347 2833 porum
358 2765 450 2819 alterius
463 2764 576 2829 eorporis;
590 2770 613 2817 at
621 2766 655 2817 sie
667 2771 755 2830 ponunt
764 2771 824 2832 qubd
838 2786 914 2840 eorpus

142 2838 224 2892 turult
236 2837 307 2891 exirit
319 2837 347 2888 de
360 2839 424 2888 utero
437 2833 554 2899 virginali,
565 2837 590 2886 et
600 2834 692 2888 tunam
706 2836 782 2898 januis
798 2842 879 2896 onmis
888 2846 912 2896 ad
958 2849 959 2893 l

954 3097 957 3176 l
