1954 3314
113 94 159 140 litt
245 95 449 150 suarnaunurorr‚'
461 103 555 146 ouaasr.
571 101 668 152 amir,
686 101 743 138 ιιι.
761 103 778 138 ι.

112 183 206 242 genas,
226 182 345 242 resurgent
369 178 443 240 quoad
466 191 575 241 corpora,
597 176 758 240 impassibiles.
783 181 811 226 2⁰
834 178 918 226 Utrum

111 249 204 312 aqualis
218 247 389 313 impassibilitas
408 247 513 298 omnibus
526 247 602 298 inerit.
616 251 642 296 ³⁰
656 245 736 297 Utrum
753 247 794 296 illa
807 246 918 311 impassi-

111 321 190 372 bilitas
200 333 292 372 sensum
301 318 326 368 iu
335 319 545 382 autuioorporibus
554 317 657 382 gloriosis
667 317 784 368 excludat.
797 319 825 364 to
834 317 917 368 lltrinn

111 391 157 443 sint
169 393 193 442 in
210 392 244 442 eis
257 403 336 443 ornnes
348 403 430 440 sensus
440 390 466 440 iu
478 395 540 440 actu.

410 567 574 618 laricanus
591 569 610 618 l.

153 698 238 743 Utrrlm
252 709 354 754 corpora
370 701 507 742 sanatorum
524 699 574 753 post
595 697 794 740 resurrectionem
809 701 881 742 erum

430 759 595 816 impassibilia.

143 891 177 940 lld
191 891 287 954 primum
302 889 335 940 sio
347 890 589 954 pronuntiaviteius
603 888 664 952 quina
676 901 771 952 corpora
784 893 913 940 ειιιοιοιιιι

112 965 164 1025 post
178 962 367 1012 resurrectionem
381 975 427 1012 nou
440 966 506 1012 eruut
516 959 663 1024 impassibilia
680 973 765 1010 :omae
781 960 845 1011 enirn
856 974 913 1011 mor

111 1033 157 1084 tale
174 1036 209 1084 est
225 1032 341 1096 passibile.
355 1032 399 1082 Sei
413 1033 481 1082 homo
494 1033 547 1095 post
560 1030 748 1082 resurrectionem
760 1031 806 1082 erit
824 1031 907 1081 animal

111 1105 220 1156 rationale
235 1105 329 1155 mortale
338 1120 347 1168 3
356 1105 406 1156 hau
418 1104 480 1154 enim
495 1108 532 1153 est
545 1102 645 1153 detritio
660 1102 774 1163 hominis,
789 1117 841 1166 qua
854 1115 912 1152 nun·

111 1188 178 1239 quam
194 1176 223 1225 ab
237 1187 265 1224 eo
283 1175 434 1239 separabitur.
448 1176 506 1238 Ergo
520 1187 603 1238 corpus
616 1173 660 1223 erit
670 1173 791 1236 passibile.

143 1253 167 1298 2.
186 1248 310 1309 Praeterea,
324 1261 392 1298 omne
404 1247 465 1310 quod
483 1247 557 1296 estin
575 1247 679 1308 potentia
692 1246 721 1294 ad
739 1245 836 1296 lormaur
853 1247 911 1297 alte-

85 1383 88 1390 Ι
111 1319 172 1384 rius,
186 1320 292 1384 passibile
304 1324 339 1370 est
355 1321 383 1370 alr
398 1319 451 1382 alio,
462 1318 514 1382 quia
527 1317 650 1368 secuudum
661 1317 706 1367 troo
719 1317 805 1380 aliquid
816 1322 852 1368 est
861 1331 910 1382 pas·

111 1390 186 1440 sivum
201 1392 335 1452 abailart
349 1391 432 1441 dieitur
444 1391 468 1440 in
483 1391 541 1442 lDe
554 1402 637 1454 perer.
651 1392 725 1451 (tert.
738 1389 846 1452 ott-sed
858 1402 910 1440 ror·

110 1475 166 1524 pora
177 1466 304 1513 satiatorum
315 1465 368 1526 post
378 1461 566 1512 resurrectionem
581 1463 648 1510 erunt
659 1459 682 1508 in
693 1460 795 1522 potentia
803 1461 834 1510 ad
843 1460 908 1510 alian

110 1532 215 1583 formam.
229 1535 288 1596 Ergo
300 1537 367 1584 eruut
380 1533 507 1596 passibilia.
520 1531 625 1583 Probatio
640 1531 719 1582 modis
738 1532 908 1592 :Quacumque

111 1604 278 1656 communicant
291 1605 316 1654 iu
329 1605 434 1665 materia,
451 1617 521 1654 unum
530 1616 610 1654 eorum
621 1606 655 1654 est
668 1600 806 1664 inpotentia
820 1602 850 1652 ad
864 1603 907 1653 lor·

112 1689 171 1726 mam
192 1676 297 1739 alterius;
315 1675 409 1726 materia
428 1676 507 1738 euim,
523 1673 646 1726 secundini
663 1672 726 1737 quoni
745 1677 781 1723 est
802 1674 846 1724 sub
866 1687 909 1722 nur

112 1746 197 1808 forma,
212 1760 258 1798 nou
277 1747 362 1798 amittit
376 1747 501 1810 potentiam
515 1747 543 1796 ad
557 1745 623 1794 aliam
638 1747 747 1808 sormam,
761 1746 803 1795 sed
816 1757 908 1808 corpora

112 1823 242 1868 sauctorum
253 1828 305 1882 post
315 1817 503 1869 resurrectionem
517 1817 715 1868 commmieabuut
725 1830 778 1866 cunr
790 1817 908 1868 elementis

112 1887 136 1936 in
150 1888 245 1938 materia
253 1923 261 1948 ,
269 1890 322 1953 quia
333 1901 362 1939 ex
375 1890 453 1938 eadem
466 1888 559 1940 materia
570 1888 738 1952 ‚reparabuntur
751 1900 781 1937 ex
795 1901 843 1952 qua
851 1899 908 1937 nunc

111 1962 174 2008 suut.
193 1959 333 2020 Ergoeruut
349 1959 492 2022 inpotentia
509 1961 536 2010 al
550 1959 617 2010 aliam
629 1959 743 2021 formam
759 1962 782 2009 et
798 1958 832 2008 sio
844 1963 908 2010 erunt

111 2029 238 2091 passibilia.

144 2105 166 2151 3.
182 2101 308 2162 Praeterea,
325 2117 338 2146 u
353 2101 464 2150 contraria
480 2105 533 2150 nata
549 2106 603 2151 suut
617 2113 683 2162 agere
697 2105 720 2152 ot
737 2101 785 2166 pati
799 2102 829 2152 ad
850 2101 905 2152 iuui-

109 2184 176 2233 oem,
191 2187 205 2218 »
218 2176 244 2221 ιι
260 2171 303 2221 inl
317 2172 351 2220 De
361 2173 522 2236 peremtione
532 2171 586 2222 diuit
598 2172 750 2236 Philosophus
761 2174 770 2237 (
782 2177 841 2223 text.
855 2171 905 2236 tl).

109 2243 155 2292 Sed
166 2255 261 2306 corpora
274 2245 402 2292 sanatorum
415 2246 468 2306 post
483 2243 671 2293 resurrectionem
691 2249 757 2294 eruut
769 2257 799 2293 ex
813 2245 904 2294 couna-

109 2313 149 2364 riis
168 2313 308 2378 composita,
323 2311 382 2363 siout
402 2317 425 2364 et
435 2327 496 2364 nuno
514 2317 577 2364 sunt.
593 2314 652 2376 liupo
666 2319 733 2364 eruut
748 2315 875 2378 passibilia.

140 2387 293 2444 l.Praeterea‚
302 2385 327 2434 in
338 2397 431 2448 corpore
446 2386 545 2436 humano
555 2389 658 2448 resurget
666 2386 759 2449 sanguis
773 2391 797 2436 et
810 2385 850 2436 alii
866 2387 904 2435 lu·

108 2467 191 2517 mores,
207 2461 313 2519 utsupra
327 2455 414 2506 dietum
438 2460 474 2506 est
489 2457 539 2520 [qu.
552 2460 592 2518 82,
605 2461 648 2506 art.
665 2458 705 2518 3).
721 2457 765 2506 Sed
780 2469 811 2506 ex
830 2468 902 2520 pugna

108 2524 228 2574 humorum
248 2525 395 2576 adinvicem
416 2531 553 2588 generantur
572 2526 720 2589 aegritudines
733 2532 757 2578 et
774 2525 903 2590 hujusmodi

108 2595 226 2656 passiones
244 2595 268 2646 in
295 2610 398 2661 corporo.
419 2597 479 2660 Ergo
500 2601 567 2647 erunt
591 2609 686 2660 corpora
703 2600 835 2647 serentum
851 2600 904 2662 post

107 2667 295 2719 resurrectionem
306 2669 433 2732 passibilis.

138 2739 163 2786 5.
179 2739 306 2801 Proteia,
325 2740 398 2802 magis
417 2742 527 2804 repugnat
544 2738 681 2802 perfectioni
699 2739 803 2790 delectus
816 2739 841 2790 iu
854 2743 901 2789 nain

107 2819 175 2866 quam
194 2809 296 2860 detentus
313 2809 338 2858 iu
355 2811 467 2874 potentia.
481 2809 525 2862 Sed
546 2809 681 2871 passibilitas
699 2809 809 2872 importat
833 2811 899 2861 mlum
