1922 3332
215 233 247 271 nn
262 233 317 274 noun
334 233 432 272 norrun
450 233 682 274 conrnncnnrrours.
801 223 850 270 titt

351 421 511 474 nnucuuus
530 421 558 472 V.

188 547 273 592 Utrum
284 546 347 604 iunio
357 547 398 592 ille
409 545 458 592 otio
467 547 584 593 elemento
593 549 721 593 consumet.

77 674 110 724 td
125 673 234 738 quintum
248 673 281 723 sic
294 673 434 736 proceditur.
444 674 538 724 Videtur
548 673 677 738 quttignie
692 673 729 724 itte
745 672 789 724 utin
805 672 851 724 ete·

47 749 124 797 menta
136 747 268 796 consumet.
285 744 357 806 Quin,
373 749 398 794 ut
412 743 466 797 dicit
480 746 558 796 Gtossa
571 745 649 808 Betim,
658 747 686 796 n.
698 747 782 804 Petu,
796 746 849 807 ult,

46 835 59 864 n
69 819 187 868 elemento
207 819 315 879 quatuorp
331 816 414 880 quitus
433 818 531 866 munitus
544 818 664 880 consistit,
679 817 717 867 itte
737 816 851 867 iunximus

46 888 107 951 ignis
120 889 228 938 absumet
244 901 251 936 :
268 901 310 938 nec
322 892 403 938 cuncte
418 888 442 937 iu
455 892 545 938 tentum
560 889 705 950 absumetut
726 900 773 939 non
787 889 849 952 rint,

45 961 83 1011 eet
102 961 151 1010 duo
166 973 196 1010 er
216 962 264 1009 toto
278 965 413 1021 consumet3
428 960 473 1010 duo
490 959 544 1010 vert
561 959 586 1010 in
608 960 727 1012 meliorem
747 960 851 1011 restituet

46 1032 164 1082 taciem.»
176 1031 236 1094 Ergo
246 1030 337 1082 ridetur
345 1030 405 1094 quud
416 1032 443 1081 ud
454 1031 530 1082 minus
540 1032 584 1082 duo
594 1033 707 1084 elementa
719 1032 850 1098 perignem

46 1103 187 1153 destruendo
201 1102 249 1151 sint
261 1103 370 1152 totaliter.

74 1179 98 1224 2.
113 1175 240 1237 Prtetereu,
255 1173 369 1238 Apocot„
384 1174 436 1224 xxi
444 1212 451 1234 ,
468 1174 565 1226 dicitur:
578 1175 700 1226 «Primum
714 1177 811 1238 emtum,
827 1177 852 1227 et

10 1253 11 1264 ¹
44 1247 117 1309 primu
128 1249 194 1296 terra
208 1244 273 1307 obiit,
286 1250 315 1295 et*
327 1259 389 1296 mare
399 1247 447 1310 jour
462 1261 508 1297 non
524 1249 646 1298 estosed
661 1258 702 1311 por
716 1249 798 1298 coetunr
813 1259 852 1298 uer

45 1316 194 1379 intelligitur,
209 1319 235 1364 ut
249 1315 387 1379 Augustinus
401 1317 471 1380 dicit,
491 1317 531 1367 lib.
549 1318 599 1368 XX.
619 1319 656 1367 De
671 1318 783 1367 Ciuitate
802 1319 851 1366 Dei

47 1389 109 1451 (cop.
120 1389 174 1448 18);
185 1399 247 1438 mure
261 1391 336 1437 autem
348 1390 384 1438 cst
397 1400 504 1451 oquururn
518 1390 672 1453 congregotio.
687 1389 746 1451 Ergo
760 1389 851 1438 ridetur

47 1457 163 1521 quoditie
179 1458 222 1507 trin
232 1458 345 1509 elemento
359 1460 459 1510 totaliter
469 1461 623 1511 destruentur.

76 1535 101 1580 3.
113 1532 230 1582 Praetereu
237 1567 246 1594 ‚
257 1530 318 1594 ignis
330 1543 375 1582 nou
385 1535 466 1594 purget
479 1532 525 1582 nisi
542 1531 666 1582 secuntum
679 1533 723 1582 troo
732 1531 792 1596 quod
806 1529 851 1581 etia

43 1602 177 1652 efficiuntur
191 1603 286 1652 materie
301 1603 361 1667 ejus.
377 1603 402 1653 Si
424 1617 477 1666 ergo
491 1603 552 1668 iguis
566 1608 647 1669 purgat
663 1604 706 1654 etia
720 1604 850 1664 elementa,

45 1679 135 1738 oportet
155 1674 219 1738 quirit
238 1675 289 1740 ejus
304 1675 398 1726 materie
418 1675 556 1741 efficiuntur3
572 1689 625 1740 ergo
639 1681 728 1741 oportet
748 1676 808 1740 qntd
826 1676 850 1726 in

15 1757 22 1769 ·
45 1751 149 1796 naturum
159 1745 357 1810 iguistreneeent,
369 1747 598 1800 etsiotueturnsna
608 1751 787 1815 'corrumpentur

76 1823 99 1869 t.
116 1821 242 1884 Praetoreu,
255 1821 327 1870 torma
336 1821 396 1884 iguis
410 1825 444 1871 est
456 1821 597 1872 nobilissima
608 1822 729 1873 formarum
744 1823 771 1872 ud
780 1833 848 1885 quum

45 1891 140 1954 perduci
153 1892 381 1956 possit-elementaris
392 1894 495 1943 materia.
509 1895 552 1944 Sed
567 1894 677 1958 peritiam
691 1893 850 1958 purgationem

45 1963 123 2012 omnin
146 1963 174 2012 iu
194 1963 359 2014 nobitimiinunr
382 1968 467 2014 stutum
490 1964 644 2016 mutabuntur.
663 1965 722 2029 Ergo
740 1965 785 2016 utin
801 1966 850 2014 ete-

47 2038 124 2083 rnentu
139 2032 255 2095 inignem
270 2035 370 2084 totaliter
382 2038 553 2085 convertentur.

77 2105 275 2168 sermonumt,
290 2107 350 2170 quod
360 2107 379 2154 1.
391 2107 518 2166 utrumn,
532 2108 581 2172 vn,
597 2119 666 2172 snper
678 2106 748 2156 iiiut:
766 2123 780 2154 u
789 2107 851 2158 Pru·

47 2178 99 2226 terit
114 2177 188 2240 figure
202 2176 271 2240 hujus
283 2177 375 2240 mundi,
388 2194 402 2224 »
416 2177 496 2228 Gtoeso
511 2179 584 2229 dicit:
598 2197 612 2228 u
624 2179 785 2240 Pulchritudo,
803 2191 850 2229 non

46 2249 176 2299 substantio
190 2250 258 2313 hujus
272 2250 351 2298 mundi
364 2249 494 2312 preterit.»
504 2251 548 2300 Sed
557 2251 607 2315 ipsa
616 2249 741 2301 substantia
750 2249 850 2299 etennen-

45 2323 121 2370 tornm
140 2320 240 2384 pertinet
261 2322 289 2370 ad
312 2321 392 2371 mundi
407 2321 581 2384 perfectionem.
596 2322 654 2384 Ergo
673 2321 787 2370 elemento
803 2333 849 2371 nou

48 2395 211 2442 consumentur
223 2391 346 2442 secundum
359 2405 423 2442 suem
441 2393 601 2442 substantium.

77 2466 193 2514 preterea
202 2501 209 2527 ‚
219 2463 258 2513 itta
271 2463 344 2514 finatis
359 2464 480 2526 purgatio,
494 2477 544 2525 que
553 2463 640 2528 fietper
651 2461 736 2527 iguem,
747 2472 847 2527 respon-

47 2534 109 2585 debit
126 2535 206 2598 primae
229 2536 370 2598 purgationi,
390 2549 441 2600 quui
456 2535 514 2586 iacto
528 2538 564 2585 est
577 2547 619 2598 per
638 2547 728 2598 equum.
751 2535 794 2585 Sed
813 2535 851 2586 itte

48 2619 93 2657 non
103 2607 206 2671 corrupit
220 2609 385 2658 elementorum
399 2607 556 2658 substantiam.
566 2609 627 2670 ttrgo
639 2619 682 2656 nec
693 2606 732 2658 itta
745 2620 797 2671 quae
812 2607 851 2658 ttot

47 2679 193 2742 perignem,
209 2682 346 2742 corrumpet.

80 2750 239 2810 tCoucuouo.'
254 2777 285 2786 —
305 2749 405 2808 Quatuor
426 2751 538 2802 elementa
562 2749 585 2798 in
612 2749 690 2800 mundi
716 2751 849 2814 purgatione

47 2825 158 2883 quantum
173 2822 200 2870 ot
214 2820 361 2872 substantium
376 2826 399 2872 et
411 2822 532 2887 qualitates
550 2833 628 2871 eorum
646 2823 750 2886 proprios
767 2835 850 2873 mane-

50 2891 121 2956 bunt3
136 2893 175 2944 set
195 2893 351 2957 purgabuntur
368 2893 381 2943 t
398 2893 503 2948 sortibus
523 2897 547 2944 et
565 2892 727 2945 iniectionibus
748 2907 805 2958 quus
819 2893 849 2944 nb

52 2965 167 3018 homiuum
182 2966 282 3032 peccatis
294 2966 475 3032 contraxerunt.)
