1966 3304
261 225 291 262 nn
307 221 472 263 numentanus
487 223 597 262 monum
784 217 829 266 tlt

37 312 74 350 non
90 297 144 350 licut
160 297 206 350 uisi
225 299 272 350 illis
287 301 368 364 quihus
386 299 526 366 dispensatio
540 301 573 351 ht.
585 299 634 354 Non
656 305 731 354 autem
747 304 831 368 legitur

37 371 104 434 aliqua
118 371 260 438 dispensatio
269 373 396 423 communis
410 372 434 422 iu
447 373 497 436 lege
509 385 561 422 cum
574 373 679 425 omnihus
690 375 758 429 laco.
771 374 830 426 (lium

36 453 81 505 ergo
93 455 176 493 omues
190 443 342 492 communiter
362 443 400 507 qui
418 443 540 508 uolebant,
553 443 630 508 plures
643 459 726 497 uxores
744 448 831 513 accipe-

34 517 87 575 rent,
101 513 126 563 in
136 513 210 564 ueteri
221 515 376 574 testamento,
389 528 432 565 uec
443 528 471 565 ex
483 516 526 565 hoc
538 517 732 580 reprehendantur
741 519 766 569 in
779 517 829 582 lege

3 607 5 656 p
33 585 63 634 uel
74 586 87 636 a
99 587 234 651 prophetis,
249 597 296 638 uon
312 586 401 638 ridetur
416 585 476 650 quod
488 587 558 658 luant
574 599 603 638 ex
617 587 787 654 dispensatione
801 591 830 645 li-

3 657 105 709 lcitorn.
167 656 172 661 ’
575 659 576 664 ’

3 723 4 746 ³
59 733 80 781 l.
96 732 224 790 Preterea,
239 731 278 780 uhi
294 733 330 781 est
340 731 498 782 eadentcausa
508 730 694 796 dispensationis,
709 733 776 784 dehet
788 749 827 786 ea-

3 813 4 824 *
35 800 76 852 dcun
90 801 235 867 dispensatio
244 801 301 852 deri.
315 803 359 853 Sed
376 815 444 852 causa
455 801 631 867 dispensationis
643 815 690 854 non
701 807 778 872 polest
787 806 831 858 alia

3 925 4 928 ,
35 874 79 935 poni
89 911 100 938 ,
118 874 189 939 mam
209 872 368 936 multiplicatio
381 873 452 938 prolis
472 875 498 925 ad
523 873 607 924 cultum
630 875 683 938 ilci,
697 890 747 942 quae
760 879 835 932 ettam

3 963 4 996 t
34 957 87 996 nunc
103 944 237 996 necessaria
257 937 309 996 est.'
320 946 380 1010 Ergo
396 945 469 996 adhuc
489 945 542 996 talis
562 945 702 1012 dispensatio
721 947 829 1012 duraret,

3 1023 4 1026 ’
33 1016 140 1082 precipue
154 1015 207 1067 cium
224 1027 271 1067 non
288 1016 502 1080 legetnrrcuouata.
543 1020 545 1026 ’
835 1071 837 1076 ,

57 1093 79 1138 5.
97 1090 225 1152 preterca,
237 1088 262 1138 in
274 1087 444 1152 dispensatione
457 1099 503 1138 non
517 1087 585 1140 dehet
598 1089 740 1152 praetermitti
754 1093 828 1156 majus

34 1159 110 1210 lenum
128 1163 223 1226 propter
238 1159 313 1210 minus
330 1159 424 1210 honum.
438 1159 483 1210 Sed
501 1159 565 1224 fides
579 1163 602 1211 et
622 1167 826 1224 sacramentum,

32 1246 75 1293 puae
88 1244 140 1284 non
153 1231 259 1282 uidentur
270 1243 337 1296 posse
351 1230 437 1282 serrari
448 1231 472 1281 in
489 1231 633 1284 matrimonio
650 1246 695 1298 quo
704 1249 764 1285 uuus
779 1236 829 1300 plu-

32 1304 88 1354 rilus
101 1303 215 1354 uxoribus
232 1303 397 1368 conjungitur,
412 1305 466 1354 sunt
478 1301 572 1354 meliora
585 1303 652 1368 quim
670 1307 740 1370 prolis
756 1309 830 1359 multi·

32 1375 129 1436 plicatio.
144 1376 205 1438 lingo
221 1373 305 1424 intuitu
317 1375 386 1438 hujus
401 1373 597 1438 multiplicationis
615 1375 754 1441 dispensatio
766 1394 829 1444 prae·

32 1444 83 1498 dhis
104 1445 158 1497 heri
171 1457 218 1496 non
231 1444 356 1502 debuisset:

58 1517 101 1570 Sed
125 1521 223 1580 contra,
239 1517 278 1566 ccl
297 1517 397 1570 Galat„
409 1517 442 1567 ill
451 1553 460 1581 ,
473 1515 556 1568 dicitur
576 1517 636 1582 quod
656 1519 719 1572 «ier
738 1525 832 1588 propter

35 1590 213 1650 prevaricatores
230 1589 305 1654 posita
325 1594 403 1653 θεῖς’»
417 1591 443 1638 ut
464 1587 553 1640 scilicet
570 1601 610 1640 ees
626 1591 764 1654 prohiberet.
785 1593 832 1644 Sed

35 1659 64 1710 lex
78 1667 148 1713 uetus
162 1661 218 1712 iacit
233 1661 372 1712 mentionem
387 1661 416 1712 de
432 1660 563 1724 pluralitate
577 1675 674 1712 uxorum
693 1663 742 1715 sine
756 1655 831 1729 aliqua
932 1686 934 1690 ·

34 1731 76 1794 ejus
86 1732 256 1798 prohibitione,
271 1735 296 1782 ut
309 1735 372 1796 patet
386 1731 411 1781 in
425 1733 527 1783 Dantem
544 1748 553 1783 .·
571 1749 584 1782 c
603 1732 628 1781 Si
641 1733 748 1785 hahuerit
762 1739 831 1788 homo

3 1845 4 1852 ,
33 1803 82 1856 duas
98 1817 200 1866 uxores,
214 1821 228 1852 n
242 1807 290 1856 eto.
311 1805 370 1872 Ergo
390 1803 494 1856 hahendo
513 1804 569 1855 duas
586 1817 684 1870 uxores,
700 1821 746 1860 non
765 1813 831 1862 erant

33 1877 230 1940 pernumerem
245 1879 270 1928 ct
282 1874 314 1924 ita
327 1878 375 1928 crat
387 1873 483 1926 licitum.

60 1951 190 2013 Praeterea,
205 1951 249 2001 hoc
263 1949 326 2000 idem
339 1948 432 2000 uidetur
446 1949 550 2016 exemplo
562 1963 592 2001 ex
609 1951 695 2003 sanctis
712 1951 829 2022 Patribus,

33 2020 67 2082 qui
78 2023 159 2088 plures
170 2023 279 2086 leguntur
289 2020 395 2072 habuisse
408 2031 505 2084 uxores,
518 2021 569 2072 chun
586 2024 633 2074 ileo
653 2027 729 2076 essent
745 2040 830 2092 accep·

34 2091 126 2156 tissiml3
142 2093 203 2145 sicut
216 2092 284 2143 larnh
293 2095 336 2155 ,et
357 2091 437 2154 hacid,
448 2095 471 2142 et
484 2092 560 2157 plures
574 2093 621 2144 alii.
637 2095 697 2159 Ergo
708 2097 830 2164 aliquando

33 2162 72 2214 init
85 2165 187 2216 lisinam.

3 2259 5 2276 r
59 2236 215 2300 (innumero.
228 2263 260 2276 -
273 2235 405 2301 Polpga'mlu
419 2233 473 2286 edm
485 2233 547 2286 licita
557 2234 603 2288 tuit
612 2235 711 2302 antiquis
723 2237 839 2292 Patribus

35 2311 54 2355 ct
65 2308 128 2370 aliis,
140 2312 235 2374 propter
248 2308 317 2359 linern
332 2307 403 2372 prolis
416 2305 592 2372 multiplicandas
607 2309 636 2360 ad
655 2311 742 2361 cultum
757 2309 829 2373 Ilei.)

62 2381 198 2445 llespondeo
211 2381 347 2442 dicandum,
361 2372 422 2443 quod
432 2379 493 2430 sicut
511 2391 540 2430 ex
550 2379 617 2431 dictis
629 2384 693 2446 patet
708 2381 768 2446 (art.
785 2383 831 2450 1),

36 2451 150 2514 pluralitas
160 2464 258 2504 uxorum
267 2451 350 2503 dicitur
357 2463 409 2502 essa
419 2454 497 2502 contra
507 2450 580 2515 legen
589 2455 691 2515 naturae,
703 2465 751 2504 non
760 2469 833 2519 quan·

37 2523 78 2574 thro
91 2526 123 2576 ad
139 2525 213 2589 prima
226 2526 339 2589 precepta
352 2523 413 2589 ejus,
429 2523 469 2574 sed
482 2521 591 2588 mantin
611 2523 638 2574 ad
651 2525 764 2590 secunda,
781 2541 832 2592 que

38 2597 98 2657 quasi
115 2596 275 2648 conclusiones
287 2595 392 2660 aprinis
412 2591 534 2664 preceptis
551 2595 688 2647 derivantur.
707 2595 765 2661 Sed,
780 2600 834 2664 quia

37 2669 225 2719 consuedines
239 2668 320 2718 uariari
334 2671 424 2732 oportet
437 2666 561 2718 secundine
577 2667 678 2718 diuersas
692 2669 837 2720 conditiones

38 2749 181 2798 poenarum
194 2743 218 2791 et
230 2745 359 2804 temporum
374 2743 398 2790 et
420 2739 516 2789 alianum
533 2738 768 2802 circumstantiarum,
784 2743 836 2792 ideo
858 2757 864 2768 ·

37 2811 193 2862 conclusiones
211 2809 359 2876 praedloae‘h
375 2810 455 2874 primis
473 2809 531 2873 legis
550 2812 636 2862 natura
654 2811 773 2876 praecptis
791 2824 837 2862 nou

37 2883 161 2942 procedunt
170 2889 196 2933 nt
205 2895 296 2949 semper
308 2879 433 2934 stimuum
443 2881 568 2942 hahentes,
579 2881 619 2931 aad
630 2879 655 2934 in
665 2881 747 2947 majori
755 2883 838 2946 parte;

39 2953 87 3004 talis
97 2959 135 3005 cst
144 2955 207 3009 enine
221 2961 267 3009 tota
281 2953 376 3006 materia
386 2953 492 3018 moralis,
505 2958 531 3003 ut
543 2957 608 3018 patet
618 2967 662 3020 per
672 2953 837 3017 Philosophum

718 3051 745 3100 ,a
