1966 3304
123 157 170 207 tat
268 167 468 219 snrrumnnrnn,
487 165 578 212 onnsr.
593 167 663 220 uxrx,
681 168 736 208 nur.
753 171 782 209 rr.

120 247 222 312 seqnitur
243 246 303 312 quod
319 245 439 310 premium
456 243 580 310 differatur.
595 247 626 297 Et
643 247 695 311 quia
715 248 779 300 iocus
801 249 934 317 deputatur

120 321 240 372 animabus
258 318 383 371 secundinm
404 317 576 381 congruentiam
590 320 679 383 praemii
692 321 728 372 rei
741 331 833 385 ponne,
849 327 935 378 statim

119 397 145 444 ui
159 393 234 444 anima
248 391 373 443 absolvitur
385 389 399 441 i
412 396 515 454 corpore,
531 391 567 442 rei
577 391 603 440 in
619 391 708 443 inierno
719 393 860 456 demergitur
871 437 879 460 ,
892 400 936 451 vel
972 389 973 458 J

119 467 147 516 ad
159 467 230 517 coeios
240 463 324 526 evolat,
334 463 379 515 nisi
387 462 524 527 impediatur
534 462 608 528 aliquo
616 467 684 514 reatu
694 479 740 529 quo
752 473 858 530 oporteat
869 485 934 524 evo-

118 537 229 589 lationem
246 537 331 588 differri
346 539 372 585 ut
395 534 458 600 prids
481 535 556 584 anima
577 540 695 600 purgetur.
713 539 743 587 iit
763 538 818 590 huic
833 541 935 594 ueritati

118 609 265 661 auctoritates
275 609 394 673 Scriptura
408 606 523 664 canonica
535 607 656 658 manifeste
669 609 822 674 ³aitestantur‚
839 617 863 662 et
882 616 934 666 do-

118 685 223 734 cumenta
237 683 366 732 sanctorum
380 679 487 742 Patrnm3
503 679 564 730 unde
580 680 718 730 contrarium
729 694 770 744 pro
783 683 883 735 heresis
894 691 933 738 est

119 755 265 815 habendum,
283 755 309 803 ut
321 754 385 816 patet
402 752 441 801 Ν.
459 751 569 814 Dialop„
583 755 607 802 et
621 751 645 800 in
659 751 700 802 lib.
719 752 755 802 iic
775 755 931 808 Ecclecr'ost.

118 826 292 891 dopmniidus.
310 825 369 875 Nam
385 821 443 874 libro
458 823 549 886 quidem
564 823 601 872 iV.
622 823 734 888 Dinlop„
755 837 812 889 cap·
822 829 854 876 25
863 865 872 890 ,
895 831 931 880 sie

117 900 199 950 dicitnr
214 915 219 948 :
234 900 318 948 «Luce
338 895 421 947 ciariis
438 899 543 960 constat,
561 895 616 959 quia
630 897 783 961 perfectorum
802 895 927 963 justorum

117 971 199 1022 anime
219 982 273 1020 mox
290 971 316 1018 ut
328 967 399 1031 hujus
418 965 493 1016 carnis
512 966 611 1016 ciaustra
631 970 731 1030 exerant,
748 968 773 1018 in
789 970 931 1024 ooeiestibus

117 1042 207 1094 sedibus
220 1040 373 1104 recipiuntur3
388 1054 403 1086 »
421 1039 482 1102 quod
492 1040 516 1089 et
528 1038 634 1101 exemplo
647 1037 713 1089 Pauii
724 1040 820 1103 probat,
836 1046 863 1092 ut
875 1044 928 1106 jam

116 1114 194 1179 sopri,
209 1114 364 1178 capriatam
376 1116 422 1162 29:
436 1128 450 1159 «
459 1111 516 1160 Dum
532 1113 673 1174 peccatorem
685 1109 778 1160 divitem
788 1113 928 1167 damnatum

117 1189 141 1238 iu
154 1187 232 1250 ignem
242 1185 331 1237 Veritas
344 1183 384 1250 (id
400 1187 434 1234 est
445 1182 565 1244 Christus)
578 1181 697 1245 perhibet,
710 1182 816 1246 quisnam
829 1187 933 1250 sapiens

116 1259 263 1326 reproborum
278 1255 365 1307 animas
379 1255 470 1319 ignitus
482 1253 556 1304 teneri
569 1252 654 1316 neget?
668 1269 682 1300 o
697 1255 729 1304 dc
742 1267 821 1306 rursus
839 1257 924 1310 inira:

117 1331 166 1382 «Si
182 1331 285 1383 diabolos
298 1328 395 1392 ejusque
412 1324 502 1390 angeli,
517 1324 568 1374 einr
589 1321 636 1374 sint
649 1323 795 1388 incorporei,
810 1340 926 1393 corporeo

115 1408 168 1456 sunt
181 1405 234 1469 igne
242 1399 435 1462 cruciandi‚puid
445 1397 528 1448 mirum
538 1398 559 1447 si
567 1397 648 1448 inimo
663 1402 784 1462 antequam
798 1400 927 1470 recipiant,

114 1489 222 1542 corpora,
235 1478 279 1524 etc.
301 1489 315 1520 o
331 1471 357 1521 in
373 1470 413 1520 lib.
433 1471 510 1520 autem
526 1469 562 1518 De
572 1469 719 1518 ‘Ecclesiart
741 1469 933 1535 deputatione,-

114 1561 168 1612 cap.
183 1551 227 1608 79,
242 1546 302 1596 inter
315 1555 385 1607 opera
396 1539 530 1605 Augustini,
545 1543 600 1591 tom.
621 1541 668 1602 1113
680 1541 713 1592 sic
727 1541 829 1594 dicitur:
843 1547 926 1600 «Post

113 1619 273 1671 ascensionem
288 1615 373 1667 Christi
388 1615 416 1664 ad
429 1613 501 1664 ooeios
513 1611 613 1664 ommam
624 1615 755 1663 sanctorum
769 1615 854 1669 animm
868 1633 925 1672 cum

113 1692 152 1744 iilo
167 1694 229 1751 sunt,
245 1689 389 1740 etenenntes
401 1686 531 1753 decerpere
545 1684 574 1734 ad
587 1683 651 1733 ilium
660 1684 758 1748 uadunt,
771 1691 924 1750 expectantes

113 1761 302 1813 resurrectionem
313 1757 414 1822 corporis
430 1752 479 1819 sni,
494 1759 520 1806 ut
533 1757 561 1806 ad
573 1753 683 1818 integram
695 1758 719 1805 et
729 1757 856 1820 perfectam
868 1763 925 1813 irea-

112 1833 234 1884 titudinem
249 1845 300 1881 cunr
315 1830 366 1894 ipso
377 1828 462 1892 pariter
480 1828 643 1889 immutentur3
660 1826 719 1878 sicut
735 1831 759 1878 et
772 1835 923 1892 peccatorum

81 1903 83 1910 ’
111 1904 194 1954 anirnae
211 1903 235 1952 in
246 1903 337 1953 interno
345 1899 389 1950 sui
403 1901 486 1950 timore
499 1898 579 1962 posita
592 1902 715 1962 expectant
728 1903 922 1955 resurrectionem

111 1975 148 2025 sui
164 1972 277 2038 corporis,
291 1975 316 2022 ut
325 1985 377 2021 cum
391 1971 443 2036 ipso
459 1971 488 2020 ad
504 1980 596 2034 poenam
605 1970 756 2021 detrudantur
768 1976 893 2027 aeternam.
906 1995 920 2024 o

111 2048 155 2098 Sed
173 2043 264 2111 pienids
273 2057 300 2094 ac
310 2040 441 2106 expressim
451 2054 520 2092 verns
532 2041 675 2102 Augustinus
686 2041 711 2092 in
721 2041 820 2093 Psalm.
836 2045 919 2111 CXIX,

110 2121 138 2169 de
151 2117 225 2183 patria
237 2116 305 2166 beata
322 2114 365 2164 sub
380 2113 472 2164 nomine
489 2112 593 2178 mystice
614 2111 756 2163 Hierusalem
774 2113 807 2163 sic
820 2117 892 2169 nabet
909 2137 915 2168 :

73 2187 74 2196 ’
112 2207 126 2238 «
140 2190 173 2240 ibi
187 2201 265 2239 omnes
281 2185 338 2251 justi
358 2189 382 2236 et
398 2185 472 2236 sancti
488 2185 558 2235 verbo
572 2183 613 2234 iiei
631 2183 737 2234 irunntur
750 2183 800 2236 sine
816 2187 917 2254 litteris;

109 2263 170 2325 qnod
189 2259 250 2311 enim
264 2257 330 2308 nobis
347 2270 388 2320 per
404 2256 512 2320 paginam
531 2255 640 2318 scripturn
656 2258 706 2317 est,
724 2253 759 2305 iiii
773 2269 815 2320 per
830 2257 919 2311 taciem

109 2334 149 2384 liei
163 2333 267 2383 cernunt.
282 2345 296 2377 »
313 2330 399 2380 Praeter
415 2328 439 2379 id
460 2328 521 2392 qnod
538 2330 619 2390 postea
634 2325 713 2376 exiii.
729 2326 770 2376 iii.
788 2327 916 2394 Corefesc'„

108 2409 133 2456 et
151 2417 181 2454 ex
196 2403 238 2454 lib.
258 2401 286 2450 11.
310 2402 403 2463 Queat.
421 2398 648 2464 noaoperiearum.
672 2398 701 2448 de
715 2397 825 2452 Nebridio
845 2404 917 2454 etde

108 2474 162 2526 sinn
179 2474 275 2524 Abrahae
290 2471 413 2522 notabitur.
428 2471 580 2534 Hieronymus
595 2471 664 2519 etiam
677 2469 701 2518 in
714 2469 857 2534 Epitaphio
866 2475 918 2524 Ne·

108 2545 208 2612 potioni
225 2560 234 2594 :
251 2561 265 2592 u
279 2543 367 2593 Scirnns
381 2540 494 2608 (inquit)
507 2540 660 2604 Nepotianum
674 2543 777 2591 nostrum
795 2555 848 2594 esse
863 2559 917 2596 cum

108 2616 198 2668 Christo
207 2617 244 2677 ,et
255 2617 383 2665 sanctorum
395 2625 456 2662 nunc
468 2611 563 2661 mixtum
574 2611 659 2672 choris,
670 2610 731 2675 qudd
742 2611 780 2662 hic
790 2615 914 2668 nobiscum

108 2687 233 2736 mirahatur
251 2685 276 2734 in
298 2684 365 2734 terris
385 2687 409 2734 et
435 2683 587 2733 aestimatione
604 2682 725 2746 capiebat,
740 2682 773 2732 ihi
796 2685 915 2738 videntem

108 2770 171 2808 nuuc
195 2756 270 2805 dicere
291 2755 377 2805 :Sicut
396 2753 542 2816 audivimus,
556 2753 589 2802 sic
605 2758 630 2803 et
649 2753 750 2803 vidimus
771 2754 796 2804 in
821 2757 916 2810 civitate
972 2753 973 2760 ’

108 2827 158 2890 Dei,
174 2831 219 2876 etc.
230 2843 244 2872 a
259 2826 289 2874 nr
302 2825 326 2874 in
338 2826 477 2890 Epitaphio
491 2823 596 2874 Paulae:
608 2841 621 2870 u
629 2823 742 2874 Nuncida
754 2825 844 2878 divitiis
859 2829 917 2880 irni-

108 2903 162 2961 tur,
173 2901 197 2949 et
205 2897 234 2950 iis
248 2895 314 2948 nouis
327 2909 433 2960 quanec
442 2895 520 2948 conius
537 2896 608 2960 vidit,
623 2907 666 2947 neo
677 2895 741 2948 anns
752 2898 844 2952 audivit
848 2937 857 2965 ,
872 2915 925 2956 neo.
