1998 3326
127 139 174 194 tad
276 145 481 194 succensuerunt,
499 144 592 190 densa.
609 145 659 196 err,
675 145 731 182 aar.
748 143 782 183 av.

127 226 191 280 amm
206 223 338 288 impedisse.
344 223 370 272 ln
378 221 489 286 principio
499 222 561 272 enim
574 220 670 272 humani
682 219 779 283 generis,
787 221 850 272 solus
861 224 936 284 patet
987 255 988 272 2

127 301 151 351 et
166 294 265 350 matera
282 293 426 344 matrimonio
440 293 622 357 repellebantur,
635 301 665 342 'eo
682 291 742 356 quod
751 294 807 342 tunc
820 291 936 356 temporis
986 317 988 352 r

125 373 177 422 crat
189 368 293 432 paucitas
311 365 437 426 homiuum,
454 370 476 418 et
489 364 523 414 sic
534 363 650 428 oportebat
662 363 822 427 propagationi
835 363 934 416 humani
985 387 988 424 p

126 440 221 505 generis
236 438 356 488 maximam
371 449 447 486 curam
468 435 614 499 impendere;
631 435 692 484 uude
710 447 756 484 nen
774 438 839 486 erant
856 447 935 486 remo·
985 447 988 496 l

128 512 210 564 nenda
225 508 269 559 nisi
279 508 497 571 disperseratque
508 505 654 557 matrimonio
663 505 845 569 incompetentes
853 510 932 570 eraut,
986 531 988 566 r

126 583 196 634 etiam
212 579 322 645 quantirm
337 581 363 629 ad
381 579 450 628 linem
465 577 602 630 matrimonii
612 575 774 640 principalem,
784 576 824 640 qui
836 579 871 626 eat
884 577 934 628 ho-
986 589 988 636 l

129 667 185 708 num
206 650 288 716 prolis,
302 653 326 699 ut
348 651 488 703 dictumest.
505 647 653 698 Postmodum
674 651 765 710 autem,
780 646 934 710 multiplicate
986 673 988 710 1

128 720 452 786 generenumano,parlegem
464 718 927 782 llogsleplurespersonesrmtercepte,
987 745 988 780 ,

128 807 181 858 guae
192 794 240 858 jam
255 791 462 854 concupiscentiam
471 791 595 856 reprimere
605 788 737 852 incipiebat.
749 789 813 841 Unde
822 825 828 850 ,
838 793 864 838 ut
877 788 935 843 dicit
986 813 988 850 p

128 865 202 922 Rnbhi
217 865 319 928 Mogses,
336 875 442 914 uomnee
460 861 503 912 illa
518 874 622 925 persone
645 863 745 924 excepte
758 863 813 910 suut
826 858 937 911 duratri-
987 885 988 922 p

127 935 218 996 monio,
231 948 282 997 quae
296 934 320 984 in
332 945 377 985 unc
391 933 477 982 lamina
495 933 626 984 cohabitare
636 931 726 992 solent,-
737 947 751 979 a
767 930 821 994 quia
835 930 855 980 si
872 929 937 982 inter
987 959 988 992 ,

127 1019 172 1058 eos
186 1005 248 1056 licit'e
262 1003 358 1054 carnalis
379 1004 458 1070 copula
473 1016 523 1054 esse
535 1006 627 1067 posset,
649 1002 773 1054 marimum
791 999 936 1056 nuoeudvurn
987 1027 988 1064 r

130 1076 221 1132 libidini
242 1078 395 1140 praestaretur.
421 1075 465 1126 Sed
488 1075 545 1126 alios
571 1071 772 1136 consanguinitatis
794 1071 875 1134 gradus
896 1071 937 1129 lex

132 1150 200 1198 uetus
210 1147 328 1209 permisit,
344 1146 391 1196 imd
404 1147 569 1208 quodammodo
580 1143 698 1208 praecepit,
710 1147 736 1192 ut
750 1143 835 1194 scilieet
847 1142 876 1209 ple
888 1155 933 1194 ce-

127 1218 240 1283 guatione
250 1231 291 1268 sua
306 1217 461 1280 uuusquisque
472 1230 566 1267 uxorem
578 1216 702 1279 acciperet,
715 1228 744 1264 ue
760 1213 934 1266 successionum

130 1289 234 1340 conlusio
248 1293 322 1352 esset,
337 1289 427 1352 etquis
444 1292 498 1337 tunc
516 1289 627 1350 temporis
639 1287 714 1336 cultus
724 1286 815 1336 diuinus
828 1298 869 1348 per
881 1299 935 1338 suc

128 1361 259 1418 ‚cessionem
280 1361 371 1423 generis
381 1359 555 1423 propagabatur.
574 1359 620 1408 Sed
633 1357 776 1422 postmodum
795 1357 845 1420 lege
861 1370 934 1420 nova,

129 1446 182 1496 oue
195 1436 230 1483 est
244 1433 281 1482 lea
294 1430 388 1496 spiritns
396 1433 420 1480 et
433 1428 534 1492 amoriis,
544 1429 623 1492 plures
637 1431 718 1492 gradus
728 1428 934 1492 consanguinitatis

130 1506 188 1555 eunt
205 1501 327 1565 prohibiti,
347 1501 400 1565 quia
420 1500 468 1562 J‘am
485 1513 526 1563 per
539 1499 680 1562 spiritualem
695 1500 806 1562 gratiam,
827 1511 874 1548 uon
891 1512 934 1564 per

129 1573 208 1624 earnis
224 1571 351 1634 originem,
363 1571 438 1620 cultus
452 1571 491 1621 liei
511 1570 626 1620 derivatur
643 1574 667 1620 et
677 1570 848 1634 multiplicatur.
868 1571 935 1625 Unde

131 1647 221 1708 oportet
231 1647 257 1693 ut
268 1643 371 1694 homines
381 1643 449 1693 etiam
462 1642 535 1704 magis
549 1641 701 1692 acarnalibus
715 1643 867 1702 retrahantur,
884 1641 934 1705 spi.

132 1716 252 1766 ritualibus
265 1718 386 1774 vacantes,
399 1717 422 1764 et
432 1718 458 1762 ut
477 1725 541 1765 amon
557 1712 655 1777 ampliirs
671 1713 815 1764 diffundatur.
833 1713 862 1762 Et
879 1712 934 1774 idco

41 1827 43 1833 r
132 1785 258 1848 antiquitis
272 1798 343 1848 usque
363 1786 391 1836 ad
411 1784 544 1836 remotiores
561 1785 643 1847 gradus
664 1783 868 1846 consanguinitatis
883 1797 934 1834 ma-

128 1855 265 1908 trimonium
282 1855 463 1917 impediebatur,
478 1859 504 1904 ut
517 1856 545 1905 ad
563 1855 640 1918 plures
651 1867 691 1917 per
709 1853 932 1916 consanguinitatem

134 1931 159 1982 et
174 1925 308 1978 adfinitatem
321 1925 430 1976 naturalis
443 1926 545 1977 amicitia
564 1929 721 1988 permanerem
736 1929 759 1976 et
770 1923 935 1976 indomabiliter

133 2011 208 2062 usque
229 1997 351 2060 septimum
370 1995 477 2060 gradum,
491 2003 540 2048 tum
558 1997 611 2060 quia
630 1997 688 2046 ultra
709 1999 753 2048 hoc
767 2009 812 2046 nou
827 1997 855 2046 de
871 1995 934 2049 lacni

133 2070 266 2120 remanebat
284 2069 412 2121 communis
429 2070 511 2120 radicis
533 2070 654 2133 memoria,
676 2075 725 2120 tum
740 2069 793 2134 quia
807 2069 934 2133 septiformi

130 2141 231 2206 Spiritus
242 2141 314 2192 sancti
331 2141 408 2204 gratia
422 2141 625 2206 concinnasset
643 2141 795 2204 postmodum,
806 2139 867 2190 cirea
883 2141 934 2190 lunc

132 2212 212 2270 ultima
226 2217 342 2278 tempora,
354 2213 482 2264 restrictum
498 2217 533 2264 est
544 2212 650 2264 Ecclesia
666 2211 810 2262 interdictum
823 2211 935 2275 usquead

130 2289 236 2347 quartum
249 2285 353 2347 gradum,
361 2284 414 2348 qnia
423 2283 483 2335 uitri
496 2284 575 2335 inutile
590 2289 613 2335 et
625 2281 776 2348 periculosum
791 2285 841 2334 erat
847 2281 932 2344 gradus

130 2355 335 2418 consanguinitatis
348 2355 468 2419 prohibere
481 2372 488 2406 ε
502 2355 704 2419 inutr'dequidom,
713 2353 767 2417 quia
781 2354 809 2403 ad
822 2352 934 2406 remotio-

131 2437 168 2475 res
181 2428 360 2490 consanguineos
370 2426 435 2490 quasi
446 2426 531 2475 nullum
540 2427 614 2476 ludus
626 2424 718 2486 majoris
729 2423 836 2476 amicitiae
843 2461 852 2488 ,
864 2423 934 2488 quim

128 2497 160 2552 ad
170 2499 296 2568 extraneos
309 2496 448 2558 habebatur,
462 2496 573 2550 charitate
592 2497 616 2548 iu
631 2496 754 2546 multarum
766 2496 874 2548 cordibus
891 2493 933 2544 lni-

129 2571 247 2630 gesmere.
269 2567 443 2620 Periculosam
461 2570 537 2618 autem
557 2573 606 2618 erat
627 2568 710 2631 gradus
728 2566 934 2630 consanguinitatis

131 2637 269 2703 probibere,
280 2639 334 2704 qnia
344 2637 529 2702 eoncupiscentia
546 2643 568 2689 et
580 2638 720 2704 negligentia
729 2640 876 2703 prevalente,
885 2643 934 2692 tam

132 2723 277 2762 numerosam
294 2711 496 2774 consaugiuecrum
512 2711 680 2762 multitudinem
695 2711 799 2761 homines
817 2723 863 2762 uon
877 2709 933 2763 naa

129 2781 299 2846 observabant3
313 2785 337 2830 et
347 2781 379 2832 sic
391 2782 487 2844 laqueus
497 2781 647 2832 damnationis
658 2781 734 2832 multis
744 2780 889 2846 inliciebatur
904 2794 934 2832 ex

127 2853 280 2906 remotiorum
299 2853 409 2916 graduum
426 2851 588 2917 prohibitione.
609 2853 668 2906 Satis
685 2854 754 2907 etiam
769 2854 933 2911 murmbater
