1948 3312
160 189 204 237 dli
275 193 472 244 conscensurum,
491 193 583 238 numer.
600 193 701 242 nanus,
718 194 775 231 stc.
794 193 832 232 ru.

157 269 233 332 ceptio
254 268 389 320 assimilatur
405 268 439 318 illi
454 267 578 330 receptioni
594 280 639 331 qna
655 267 729 318 anima
742 267 825 334 recipit
842 269 940 322 dmiits-

157 338 223 391 dines
239 351 323 390 ¹rutrum.
337 337 418 398 linde,
434 337 556 390 secundum
574 339 634 388 lrnnc
651 337 745 389 mmmm
754 339 898 404 receptionis
913 345 942 392 ast

157 408 216 459 alins
228 410 307 460 nodus
315 407 442 471 passionis,
452 407 491 470 qni
500 411 592 458 vocatur
604 409 688 471 paccio
698 409 802 458 animun
812 409 874 474 Quia
882 410 942 473 igitur

157 482 211 544 post
223 477 424 540 resurrectionem,
433 481 495 528 motu
506 477 556 528 ceti
572 486 690 540 cessante,
699 490 746 529 non
758 479 847 542 poterit
859 480 944 543 aiqnod

159 561 241 612 corpus
258 548 347 598 elimari
357 547 370 598 tt
380 560 420 598 suc
435 548 531 599 naturali
544 549 665 613 qualitate,
679 551 704 598 ut
717 547 805 599 dictum
820 553 859 600 ast
872 555 944 614 aris,

157 619 245 672 nullum
257 629 339 682 corpus
353 619 401 682 pati
413 618 496 684 poterit
511 621 625 684 passione
638 623 746 670 nature.
761 619 831 671 Unde
840 625 946 684 qusniam

157 690 186 740 ad
204 690 266 741 huno
282 689 373 741 modum
392 689 504 753 passionis
519 701 611 751 corpora
629 690 783 740 damnatorum
800 690 945 754 impassibilia

158 761 233 818 crunt,
249 759 308 810 sicut
317 763 341 810 ot
352 759 537 824 incorruptibilia.
547 760 592 812 Sed
602 763 705 811 cessante
718 764 783 809 motu
791 759 865 823 cmii,
880 763 946 812 adiuro

158 827 284 880 remanebit
299 829 436 893 passioque
449 832 542 894 estpcr
559 830 661 882 modum
678 829 788 891 onimoe5
802 830 862 894 qnia
879 835 905 883 et
916 845 948 883 aer

158 898 173 950 t
185 897 234 950 sole
243 898 414 962 illuminabitur,
423 904 447 950 et
458 899 558 952 colomm
567 897 707 950 differentias
719 897 809 950 deleret
823 900 855 952 nd
867 901 946 953 menrru

159 969 222 1022 llnde
238 975 262 1021 et
275 969 398 1022 secundnm
416 971 477 1022 lrnnc
491 971 580 1022 modum
597 969 710 1034 pusionis
722 981 820 1035 corpora
832 973 947 1026 damnato·

159 1053 208 1092 rom
222 1041 336 1106 passibilia
348 1044 423 1092 erunt.
432 1041 461 1092 Et
470 1042 523 1105 qnia
535 1043 559 1092 tn
567 1041 607 1092 tati
617 1041 721 1105 passione
729 1051 815 1092 sensns
824 1043 948 1109 pet-licitu,

157 1109 209 1163 ideo
223 1112 247 1162 in
267 1111 396 1176 corporibus
409 1113 564 1164 damnatorum
579 1123 659 1162 sensus
671 1121 745 1174 poue
755 1111 800 1162 erit
809 1113 865 1164 sine
879 1119 949 1166 mnn-

157 1181 219 1235 tione
238 1182 346 1234 naturalis
356 1181 519 1247 dispositionis.
534 1183 631 1246 Corpore
644 1180 701 1231 uero
713 1179 810 1244 gloriosa
824 1183 876 1234 etsi
893 1185 949 1235 reci·

157 1253 222 1319 pient
241 1252 342 1318 aliquid,
354 1257 378 1304 et
396 1253 561 1317 quodammodo
579 1251 695 1316 patientur
708 1251 734 1302 in
748 1252 891 1316 sentiendo,
907 1267 949 1306 nnn

157 1328 235 1375 tamen
248 1321 363 1388 passibilia
376 1326 455 1386 erunt3
466 1321 519 1386 qnia
534 1321 590 1372 nillil
599 1320 710 1385 recipient
717 1334 759 1385 per
771 1323 869 1375 modum
879 1324 949 1376 afflie-

158 1393 200 1444 tiri
213 1394 251 1446 vet
266 1393 351 1456 laestrt;
361 1393 420 1443 sicut
431 1391 539 1458 recipient
554 1403 649 1456 corpora
660 1391 834 1455 damnatorum,
853 1407 909 1458 pne
924 1395 950 1445 ot

157 1465 202 1516 ltoc
208 1463 340 1528 pnumdilio
353 1462 464 1514 deantur.

189 1537 223 1588 td
238 1535 336 1600 primum
353 1547 405 1598 ergo
421 1533 556 1595 dicendum,
571 1532 632 1598 quod
644 1531 796 1596 Philosophus
805 1534 914 1600 loquitur
925 1537 951 1589 de

158 1605 196 1658 illa
207 1604 313 1670 passione
322 1617 363 1670 per
372 1615 439 1668 quam
447 1607 609 1656 transmutatur
617 1601 775 1668 patienstsua
790 1607 893 1658 naturali
906 1607 949 1658 dis·

157 1677 277 1740 positione.
291 1676 353 1728 latis
365 1678 440 1727 autem
450 1675 525 1740 passio
536 1686 581 1725 non
589 1673 633 1725 erit
645 1673 669 1723 in
678 1673 809 1738 corporibus
822 1673 949 1728 damnato·

158 1759 217 1808 rum,
232 1751 257 1798 ut
266 1747 350 1798 dictum
363 1749 400 1798 est
413 1746 422 1810 l
433 1746 457 1797 in
468 1743 546 1810 corp.)

190 1817 224 1866 tld
243 1817 366 1867 secundnm
379 1815 515 1876 dicendum,
532 1812 593 1878 qnid
611 1813 734 1866 similitudo
749 1815 839 1878 amentis
853 1822 891 1869 est
907 1817 951 1870 dn-

159 1885 249 1950 pliclter
257 1885 281 1935 in
295 1886 395 1949 patiente
410 1901 417 1936 z
435 1899 481 1936 nno
492 1887 567 1948 modo,
580 1898 621 1949 per
634 1885 725 1936 modum
738 1887 843 1938 eumdem
853 1901 901 1954 qno
914 1893 951 1942 est

159 1957 183 2006 in
197 1958 291 2020 egente3
302 1955 361 2006 sient
370 1959 408 2006 est
419 1955 557 2008 inomnilins
566 1953 685 2020 apennine
694 1955 804 2020 univocis,
816 1959 950 2014 ntcstidnm

158 2025 212 2076 tacit
230 2023 343 2087 calidum,
360 2027 384 2076 et
401 2025 462 2088 ignis
474 2027 663 2090 generatignem.
683 2025 733 2077 ttlio
746 2027 827 2089 modo,
840 2042 884 2093 per
895 2043 950 2082 ωο-

160 2096 212 2148 dum
231 2093 375 2145 diversunt
390 2095 456 2145 modo
473 2107 518 2159 quo
531 2100 567 2146 est
580 2097 603 2146 in
616 2098 710 2160 agente3
725 2095 783 2146 sient
796 2103 833 2149 est
851 2100 876 2150 in
894 2113 950 2151 om-

160 2166 226 2217 nibns
243 2163 361 2227 agentibus
383 2163 527 2227 monronis:
547 2165 572 2216 in
588 2165 670 2230 quibos
684 2167 819 2232 qnarrdoqne
837 2171 950 2234 confingi

161 2235 221 2301 qnid
234 2233 258 2284 in
271 2239 352 2296 agente
363 2234 481 2286 esttorma
492 2235 647 2300 spiritualiter,
660 2249 711 2300 qne
722 2237 747 2287 in
763 2237 865 2300 patiente
878 2245 950 2293 mate-

161 2304 244 2356 rialiter
260 2303 375 2368 recipitur,
388 2305 448 2356 sient
466 2306 538 2356 torma
552 2319 602 2370 qne
614 2311 649 2356 est
659 2306 683 2356 in
695 2305 762 2358 domo
772 2309 831 2359 lama
841 2323 884 2374 per
893 2312 948 2365 trti-

161 2377 236 2435 ttcem,
247 2377 282 2426 est
290 2375 434 2428 materialiter
447 2376 471 2426 in
484 2377 547 2441 ipsa,
560 2381 585 2428 ει
601 2376 626 2425 in
639 2381 716 2427 mente
729 2375 868 2431 antideiscst
881 2381 949 2446 spiri·

160 2446 257 2497 tualiter.
269 2445 405 2510 ersudoqna
417 2446 471 2513 send
483 2447 615 2498 econverso
623 2451 659 2498 est
671 2446 815 2502 meterialiter
823 2448 847 2498 in
858 2455 948 2514 ammte,

162 2515 303 2581 etrenpitnr
316 2515 461 2580 spiritualiter
470 2516 617 2584 inpatiento;
636 2518 696 2567 sicut
711 2516 792 2578 ntimo
802 2519 949 2574 materialiter

161 2593 197 2638 est
207 2587 230 2638 in
244 2587 338 2651 pariete,
354 2587 554 2652 dunnmcipituu
571 2585 715 2652 spiritualiter
727 2585 751 2636 in
771 2589 858 2654 pupilia
865 2626 875 2652 ,
889 2595 912 2642 et
922 2591 947 2641 in

162 2657 235 2712 medio
253 2658 376 2710 deferente.
391 2659 421 2710 lit
436 2659 540 2709 similiter
557 2662 592 2708 ost
607 2657 629 2707 in
647 2657 777 2722 proposito;
796 2659 851 2722 qnia
863 2661 949 2726 specics

161 2742 212 2793 qna
227 2729 372 2781 materialiter
382 2733 417 2782 est
431 2731 455 2780 in
468 2731 534 2794 igne,
548 2729 655 2794 recipitur
668 2727 815 2792 spiritualiter
830 2731 856 2782 in
870 2745 948 2798 corpo—

162 2799 225 2849 rilsns
240 2799 403 2851 dmnnatorum.
418 2801 446 2850 nt
464 2801 498 2850 sic
515 2799 573 2863 ignis
589 2799 632 2850 stoi
650 2796 781 2850 assimilabit
793 2800 946 2856 damnatorum

163 2881 322 2936 corpora,nec
336 2873 412 2919 tanen
425 2881 452 2920 ea
469 2872 597 2922 consumet.
