<?xml version="1.0" encoding="UTF-8"?>
<!DOCTYPE html PUBLIC "-//W3C//DTD XHTML 1.0 Transitional//EN"
    "http://www.w3.org/TR/xhtml1/DTD/xhtml1-transitional.dtd">
<html xmlns="http://www.w3.org/1999/xhtml" xml:lang="en" lang="en">
 <head>
  <title>
</title>
<meta http-equiv="Content-Type" content="text/html;charset=utf-8" />
  <meta name='ocr-system' content='tesseract 3.04.00' />
  <meta name='ocr-capabilities' content='ocr_page ocr_carea ocr_par ocr_line ocrx_word'/>
</head>
<body>
  <div class='ocr_page' id='page_1' title='image "./summatheologica06nicogoog_0313.png"; bbox 0 0 1958 3314; ppageno 0'>
   <div class='ocr_carea' id='block_1_1' title="bbox 142 149 838 206">
    <p class='ocr_par' dir='ltr' id='par_1_1' title="bbox 142 149 838 206">
     <span class='ocr_line' id='line_1_1' title="bbox 142 149 838 206; baseline -0.004 -6"><span class='ocrx_word' id='word_1_1' title='bbox 142 162 174 200; x_wconf 81' lang='lat' dir='ltr'><strong>nn</strong></span> <span class='ocrx_word' id='word_1_2' title='bbox 190 157 326 206; x_wconf 75' lang='lat' dir='ltr'><strong>omittam</strong></span> <span class='ocrx_word' id='word_1_3' title='bbox 340 157 424 198; x_wconf 71' lang='lat' dir='ltr'><strong>tntu</strong></span> <span class='ocrx_word' id='word_1_4' title='bbox 441 157 558 198; x_wconf 64' lang='lat' dir='ltr'><strong>iiim</strong></span> <span class='ocrx_word' id='word_1_5' title='bbox 574 159 590 198; x_wconf 78' lang='grc' dir='ltr'><strong>Δ</strong></span> <span class='ocrx_word' id='word_1_6' title='bbox 606 159 725 199; x_wconf 72' lang='lat' dir='ltr'><strong>CORPORE·</strong></span> <span class='ocrx_word' id='word_1_7' title='bbox 790 149 838 198; x_wconf 70' lang='lat'><strong>809</strong></span> 
     </span>
    </p>
   </div>
   <div class='ocr_carea' id='block_1_2' title="bbox 33 235 902 2958">
    <p class='ocr_par' dir='ltr' id='par_1_2' title="bbox 35 235 838 363">
     <span class='ocr_line' id='line_1_2' title="bbox 35 235 838 304; baseline -0.001 -15"><span class='ocrx_word' id='word_1_8' title='bbox 35 239 116 290; x_wconf 77' lang='lat' dir='ltr'><strong>animae</strong></span> <span class='ocrx_word' id='word_1_9' title='bbox 133 241 248 304; x_wconf 80' lang='lat' dir='ltr'><strong>separate</strong></span> <span class='ocrx_word' id='word_1_10' title='bbox 270 249 316 290; x_wconf 90' lang='lat' dir='ltr'><strong>non</strong></span> <span class='ocrx_word' id='word_1_11' title='bbox 335 235 444 288; x_wconf 77' lang='lat' dir='ltr'><strong>cerotum</strong></span> <span class='ocrx_word' id='word_1_12' title='bbox 463 237 556 290; x_wconf 78' lang='lat' dir='ltr'><strong>accitus</strong></span> <span class='ocrx_word' id='word_1_13' title='bbox 572 238 727 302; x_wconf 88' lang='lat' dir='ltr'><strong>potentiarum</strong></span> <span class='ocrx_word' id='word_1_14' title='bbox 742 237 838 290; x_wconf 85' lang='lat' dir='ltr'><strong>sensiti-</strong></span> 
     </span>
     <span class='ocr_line' id='line_1_3' title="bbox 35 323 728 363; baseline -0.004 -1"><span class='ocrx_word' id='word_1_15' title='bbox 35 323 121 363; x_wconf 81' lang='lat' dir='ltr'><strong>rarum.</strong></span> <span class='ocrx_word' id='word_1_16' title='bbox 722 333 728 348; x_wconf 59' lang='grc' dir='ltr'><strong>ι</strong></span> 
     </span>
    </p>

    <p class='ocr_par' dir='ltr' id='par_1_3' title="bbox 33 382 871 804">
     <span class='ocr_line' id='line_1_4' title="bbox 62 382 839 447; baseline 0.004 -15"><span class='ocrx_word' id='word_1_17' title='bbox 62 384 111 434; x_wconf 83' lang='lat' dir='ltr'><strong>scd</strong></span> <span class='ocrx_word' id='word_1_18' title='bbox 124 385 203 434; x_wconf 89' lang='lat' dir='ltr'><strong>centra</strong></span> <span class='ocrx_word' id='word_1_19' title='bbox 220 397 226 432; x_wconf 81' lang='lat' dir='ltr'><strong>r</strong></span> <span class='ocrx_word' id='word_1_20' title='bbox 241 382 264 434; x_wconf 89' lang='lat' dir='ltr'><strong>id</strong></span> <span class='ocrx_word' id='word_1_21' title='bbox 278 383 338 447; x_wconf 81' lang='lat' dir='ltr'><strong>quod</strong></span> <span class='ocrx_word' id='word_1_22' title='bbox 352 385 387 434; x_wconf 87' lang='lat' dir='ltr'><strong>est</strong></span> <span class='ocrx_word' id='word_1_23' title='bbox 403 389 523 434; x_wconf 82' lang='lat' dir='ltr'><strong>commone</strong></span> <span class='ocrx_word' id='word_1_24' title='bbox 537 383 619 435; x_wconf 83' lang='lat' dir='ltr'><strong>anime</strong></span> <span class='ocrx_word' id='word_1_25' title='bbox 637 387 661 434; x_wconf 88' lang='lat' dir='ltr'><strong>et</strong></span> <span class='ocrx_word' id='word_1_26' title='bbox 673 384 780 447; x_wconf 82' lang='lat' dir='ltr'><strong>corpori,</strong></span> <span class='ocrx_word' id='word_1_27' title='bbox 793 396 839 435; x_wconf 90' lang='lat' dir='ltr'><strong>non</strong></span> 
     </span>
     <span class='ocr_line' id='line_1_5' title="bbox 36 453 838 519; baseline 0 -13"><span class='ocrx_word' id='word_1_28' title='bbox 36 457 112 519; x_wconf 85' lang='lat' dir='ltr'><strong>potest</strong></span> <span class='ocrx_word' id='word_1_29' title='bbox 128 467 248 506; x_wconf 87' lang='lat' dir='ltr'><strong>remancre</strong></span> <span class='ocrx_word' id='word_1_30' title='bbox 263 453 288 504; x_wconf 93' lang='lat' dir='ltr'><strong>in</strong></span> <span class='ocrx_word' id='word_1_31' title='bbox 304 454 381 505; x_wconf 89' lang='lat' dir='ltr'><strong>anima</strong></span> <span class='ocrx_word' id='word_1_32' title='bbox 401 459 515 518; x_wconf 88' lang='lat' dir='ltr'><strong>separata.</strong></span> <span class='ocrx_word' id='word_1_33' title='bbox 534 453 580 505; x_wconf 88' lang='lat' dir='ltr'><strong>Sed</strong></span> <span class='ocrx_word' id='word_1_34' title='bbox 596 465 678 506; x_wconf 90' lang='lat' dir='ltr'><strong>omnes</strong></span> <span class='ocrx_word' id='word_1_35' title='bbox 692 454 838 519; x_wconf 73' lang='lat' dir='ltr'>operationes</span> 
     </span>
     <span class='ocr_line' id='line_1_6' title="bbox 34 525 871 592; baseline -0.001 -14"><span class='ocrx_word' id='word_1_36' title='bbox 34 526 189 591; x_wconf 86' lang='lat' dir='ltr'><strong>potentiarum</strong></span> <span class='ocrx_word' id='word_1_37' title='bbox 201 525 364 578; x_wconf 81' lang='lat' dir='ltr'><strong>sensitivamm</strong></span> <span class='ocrx_word' id='word_1_38' title='bbox 382 530 436 576; x_wconf 82' lang='lat' dir='ltr'><strong>sont</strong></span> <span class='ocrx_word' id='word_1_39' title='bbox 449 536 581 576; x_wconf 87' lang='lat' dir='ltr'><strong>communes</strong></span> <span class='ocrx_word' id='word_1_40' title='bbox 596 525 679 578; x_wconf 82' lang='lat' dir='ltr'><strong>anime</strong></span> <span class='ocrx_word' id='word_1_41' title='bbox 693 530 718 578; x_wconf 91' lang='lat' dir='ltr'><strong>et</strong></span> <span class='ocrx_word' id='word_1_42' title='bbox 730 527 838 592; x_wconf 83' lang='lat' dir='ltr'><strong>corpori,</strong></span> <span class='ocrx_word' id='word_1_43' title='bbox 868 545 871 550; x_wconf 94' lang='lat'>·</span> 
     </span>
     <span class='ocr_line' id='line_1_7' title="bbox 33 597 838 666; baseline -0.002 -16"><span class='ocrx_word' id='word_1_44' title='bbox 33 600 94 663; x_wconf 87' lang='lat' dir='ltr'><strong>quod</strong></span> <span class='ocrx_word' id='word_1_45' title='bbox 107 603 171 664; x_wconf 85' lang='lat' dir='ltr'><strong>patet</strong></span> <span class='ocrx_word' id='word_1_46' title='bbox 183 609 213 649; x_wconf 81' lang='lat' dir='ltr'><strong>en</strong></span> <span class='ocrx_word' id='word_1_47' title='bbox 226 599 271 648; x_wconf 86' lang='lat' dir='ltr'><strong>noo</strong></span> <span class='ocrx_word' id='word_1_48' title='bbox 286 599 347 666; x_wconf 84' lang='lat' dir='ltr'><strong>quod</strong></span> <span class='ocrx_word' id='word_1_49' title='bbox 366 597 429 649; x_wconf 91' lang='lat' dir='ltr'><strong>nnita</strong></span> <span class='ocrx_word' id='word_1_50' title='bbox 441 597 543 662; x_wconf 86' lang='lat' dir='ltr'><strong>potentia</strong></span> <span class='ocrx_word' id='word_1_51' title='bbox 557 598 669 649; x_wconf 73' lang='lat' dir='ltr'><strong>sensitiva</strong></span> <span class='ocrx_word' id='word_1_52' title='bbox 681 599 780 663; x_wconf 78' lang='lat' dir='ltr'><strong>aliquem</strong></span> <span class='ocrx_word' id='word_1_53' title='bbox 800 609 838 648; x_wconf 84' lang='lat' dir='ltr'><strong>ec-</strong></span> 
     </span>
     <span class='ocr_line' id='line_1_8' title="bbox 34 666 839 734; baseline 0.002 -15"><span class='ocrx_word' id='word_1_54' title='bbox 34 673 81 720; x_wconf 89' lang='lat' dir='ltr'><strong>tum</strong></span> <span class='ocrx_word' id='word_1_55' title='bbox 100 666 236 720; x_wconf 80' lang='lat' dir='ltr'><strong>habetnisi</strong></span> <span class='ocrx_word' id='word_1_56' title='bbox 249 679 291 732; x_wconf 89' lang='lat' dir='ltr'><strong>per</strong></span> <span class='ocrx_word' id='word_1_57' title='bbox 303 681 412 734; x_wconf 66' lang='lat' dir='ltr'><strong>umanum</strong></span> <span class='ocrx_word' id='word_1_58' title='bbox 426 669 552 732; x_wconf 86' lang='lat' dir='ltr'><strong>corporate.</strong></span> <span class='ocrx_word' id='word_1_59' title='bbox 570 669 719 733; x_wconf 74' lang='lat' dir='ltr'><strong>cognanum</strong></span> <span class='ocrx_word' id='word_1_60' title='bbox 735 673 839 734; x_wconf 88' lang='lat' dir='ltr'><strong>separata</strong></span> 
     </span>
     <span class='ocr_line' id='line_1_9' title="bbox 33 739 572 804; baseline -0.006 -11"><span class='ocrx_word' id='word_1_61' title='bbox 33 740 120 793; x_wconf 77' lang='lat' dir='ltr'><strong>carebit</strong></span> <span class='ocrx_word' id='word_1_62' title='bbox 133 739 225 791; x_wconf 80' lang='lat' dir='ltr'><strong>aeditus</strong></span> <span class='ocrx_word' id='word_1_63' title='bbox 235 739 396 791; x_wconf 84' lang='lat' dir='ltr'><strong>sensitirarum</strong></span> <span class='ocrx_word' id='word_1_64' title='bbox 410 740 572 804; x_wconf 87' lang='lat' dir='ltr'><strong>potentiarum.</strong></span> 
     </span>
    </p>

    <p class='ocr_par' dir='ltr' id='par_1_4' title="bbox 34 810 839 1166">
     <span class='ocr_line' id='line_1_10' title="bbox 62 810 836 878; baseline -0.001 -15"><span class='ocrx_word' id='word_1_65' title='bbox 62 817 198 874; x_wconf 75' lang='lat' dir='ltr'><strong>Preterea,</strong></span> <span class='ocrx_word' id='word_1_66' title='bbox 211 810 365 877; x_wconf 75' lang='lat' dir='ltr'>Philosophus</span> <span class='ocrx_word' id='word_1_67' title='bbox 376 811 434 862; x_wconf 83' lang='lat' dir='ltr'><strong>uicit</strong></span> <span class='ocrx_word' id='word_1_68' title='bbox 450 813 473 862; x_wconf 87' lang='lat' dir='ltr'><strong>in</strong></span> <span class='ocrx_word' id='word_1_69' title='bbox 487 813 506 862; x_wconf 88' lang='lat' dir='ltr'><strong>i.</strong></span> <span class='ocrx_word' id='word_1_70' title='bbox 526 812 563 862; x_wconf 85' lang='lat' dir='ltr'><strong>De</strong></span> <span class='ocrx_word' id='word_1_71' title='bbox 576 813 666 862; x_wconf 79' lang='lat' dir='ltr'><strong>animo</strong></span> <span class='ocrx_word' id='word_1_72' title='bbox 681 814 752 876; x_wconf 73' lang='lat' dir='ltr'><strong>(tert.</strong></span> <span class='ocrx_word' id='word_1_73' title='bbox 769 813 836 878; x_wconf 77' lang='lat' dir='ltr'><strong>titt),</strong></span> 
     </span>
     <span class='ocr_line' id='line_1_11' title="bbox 34 884 835 950; baseline -0.002 -14"><span class='ocrx_word' id='word_1_74' title='bbox 34 885 92 950; x_wconf 78' lang='lat' dir='ltr'><strong>codd</strong></span> <span class='ocrx_word' id='word_1_75' title='bbox 117 888 254 950; x_wconf 31' lang='lat' dir='ltr'><strong>«acorrupto</strong></span> <span class='ocrx_word' id='word_1_76' title='bbox 271 897 384 950; x_wconf 88' lang='lat' dir='ltr'><strong>corpore,</strong></span> <span class='ocrx_word' id='word_1_77' title='bbox 402 884 478 936; x_wconf 85' lang='lat' dir='ltr'><strong>anima</strong></span> <span class='ocrx_word' id='word_1_78' title='bbox 494 895 568 948; x_wconf 83' lang='lat' dir='ltr'><strong>neque</strong></span> <span class='ocrx_word' id='word_1_79' title='bbox 585 884 740 936; x_wconf 70' lang='lat' dir='ltr'><strong>reminiscitur</strong></span> <span class='ocrx_word' id='word_1_80' title='bbox 760 895 835 948; x_wconf 88' lang='lat' dir='ltr'><strong>nequa</strong></span> 
     </span>
     <span class='ocr_line' id='line_1_12' title="bbox 34 953 838 1022; baseline -0.002 -14"><span class='ocrx_word' id='word_1_81' title='bbox 34 961 110 1022; x_wconf 81' lang='lat' dir='ltr'><strong>anat3</strong></span> <span class='ocrx_word' id='word_1_82' title='bbox 126 973 140 1006; x_wconf 81' lang='lat' dir='ltr'><strong>o</strong></span> <span class='ocrx_word' id='word_1_83' title='bbox 160 958 185 1008; x_wconf 89' lang='lat' dir='ltr'><strong>et</strong></span> <span class='ocrx_word' id='word_1_84' title='bbox 198 956 279 1007; x_wconf 87' lang='lat' dir='ltr'><strong>eadem</strong></span> <span class='ocrx_word' id='word_1_85' title='bbox 292 957 354 1007; x_wconf 85' lang='lat' dir='ltr'><strong>ratio</strong></span> <span class='ocrx_word' id='word_1_86' title='bbox 364 957 399 1007; x_wconf 90' lang='lat' dir='ltr'><strong>est</strong></span> <span class='ocrx_word' id='word_1_87' title='bbox 409 957 438 1006; x_wconf 90' lang='lat' dir='ltr'><strong>de</strong></span> <span class='ocrx_word' id='word_1_88' title='bbox 451 953 556 1006; x_wconf 82' lang='lat' dir='ltr'><strong>omnious</strong></span> <span class='ocrx_word' id='word_1_89' title='bbox 567 955 617 1007; x_wconf 89' lang='lat' dir='ltr'><strong>uiiis</strong></span> <span class='ocrx_word' id='word_1_90' title='bbox 634 957 722 1007; x_wconf 83' lang='lat' dir='ltr'><strong>cetibus</strong></span> <span class='ocrx_word' id='word_1_91' title='bbox 741 956 838 1006; x_wconf 85' lang='lat' dir='ltr'><strong>sensiti-</strong></span> 
     </span>
     <span class='ocr_line' id='line_1_13' title="bbox 35 1026 839 1094; baseline -0.001 -15"><span class='ocrx_word' id='word_1_92' title='bbox 35 1041 114 1080; x_wconf 84' lang='lat' dir='ltr'><strong>uarnm</strong></span> <span class='ocrx_word' id='word_1_93' title='bbox 128 1028 294 1094; x_wconf 85' lang='lat' dir='ltr'><strong>potentiarum.</strong></span> <span class='ocrx_word' id='word_1_94' title='bbox 304 1026 363 1090; x_wconf 74' lang='lat' dir='ltr'><strong>orgo</strong></span> <span class='ocrx_word' id='word_1_95' title='bbox 377 1027 453 1077; x_wconf 87' lang='lat' dir='ltr'><strong>anima</strong></span> <span class='ocrx_word' id='word_1_96' title='bbox 466 1031 570 1091; x_wconf 80' lang='lat' dir='ltr'><strong>separata</strong></span> <span class='ocrx_word' id='word_1_97' title='bbox 584 1037 631 1078; x_wconf 91' lang='lat' dir='ltr'><strong>non</strong></span> <span class='ocrx_word' id='word_1_98' title='bbox 642 1027 745 1094; x_wconf 75' lang='lat' dir='ltr'><strong>procedit</strong></span> <span class='ocrx_word' id='word_1_99' title='bbox 758 1027 782 1077; x_wconf 88' lang='lat' dir='ltr'><strong>in</strong></span> <span class='ocrx_word' id='word_1_100' title='bbox 792 1026 839 1078; x_wconf 90' lang='lat' dir='ltr'><strong>aii·</strong></span> 
     </span>
     <span class='ocr_line' id='line_1_14' title="bbox 34 1099 774 1166; baseline -0.004 -15"><span class='ocrx_word' id='word_1_101' title='bbox 34 1109 103 1166; x_wconf 80' lang='lat' dir='ltr'><strong>quem</strong></span> <span class='ocrx_word' id='word_1_102' title='bbox 119 1105 195 1152; x_wconf 82' lang='lat' dir='ltr'><strong>aetum</strong></span> <span class='ocrx_word' id='word_1_103' title='bbox 210 1100 308 1164; x_wconf 79' lang='lat' dir='ltr'><strong>aticuius</strong></span> <span class='ocrx_word' id='word_1_104' title='bbox 322 1099 433 1164; x_wconf 38' lang='lat' dir='ltr'><strong>*potentie</strong></span> <span class='ocrx_word' id='word_1_105' title='bbox 445 1099 572 1150; x_wconf 57' lang='lat' dir='ltr'><strong>sensitivee</strong></span> <span class='ocrx_word' id='word_1_106' title='bbox 771 1107 774 1113; x_wconf 79' lang='grc'><em>“</em></span> 
     </span>
    </p>

    <p class='ocr_par' dir='ltr' id='par_1_5' title="bbox 33 1171 902 1378">
     <span class='ocr_line' id='line_1_15' title="bbox 65 1171 902 1236; baseline -0.005 -10"><span class='ocrx_word' id='word_1_107' title='bbox 65 1175 228 1234; x_wconf 58' lang='lat' dir='ltr'><strong>(musonem.</strong></span> <span class='ocrx_word' id='word_1_108' title='bbox 248 1173 360 1222; x_wconf 79' lang='lat' dir='ltr'><strong>-ictus</strong></span> <span class='ocrx_word' id='word_1_109' title='bbox 380 1171 540 1222; x_wconf 78' lang='lat' dir='ltr'><strong>sensitivamm</strong></span> <span class='ocrx_word' id='word_1_110' title='bbox 557 1171 710 1236; x_wconf 74' lang='lat' dir='ltr'><strong>potentiamne</strong></span> <span class='ocrx_word' id='word_1_111' title='bbox 726 1171 778 1222; x_wconf 84' lang='lat' dir='ltr'><strong>edm</strong></span> <span class='ocrx_word' id='word_1_112' title='bbox 792 1172 839 1222; x_wconf 88' lang='lat' dir='ltr'><strong>sint</strong></span> <span class='ocrx_word' id='word_1_113' title='bbox 898 1221 902 1228; x_wconf 84' lang='grc'><strong>,</strong></span> 
     </span>
     <span class='ocr_line' id='line_1_16' title="bbox 34 1242 839 1309; baseline 0.001 -15"><span class='ocrx_word' id='word_1_114' title='bbox 34 1246 104 1296; x_wconf 86' lang='lat' dir='ltr'><strong>totius</strong></span> <span class='ocrx_word' id='word_1_115' title='bbox 117 1243 256 1309; x_wconf 79' lang='lat' dir='ltr'><strong>compositi,</strong></span> <span class='ocrx_word' id='word_1_116' title='bbox 269 1243 332 1294; x_wconf 91' lang='lat' dir='ltr'><strong>nulio</strong></span> <span class='ocrx_word' id='word_1_117' title='bbox 345 1247 413 1308; x_wconf 89' lang='lat' dir='ltr'><strong>pacto</strong></span> <span class='ocrx_word' id='word_1_118' title='bbox 423 1247 543 1294; x_wconf 80' lang='lat' dir='ltr'><strong>remanent</strong></span> <span class='ocrx_word' id='word_1_119' title='bbox 557 1243 582 1294; x_wconf 93' lang='lat' dir='ltr'><strong>in</strong></span> <span class='ocrx_word' id='word_1_120' title='bbox 593 1243 668 1296; x_wconf 91' lang='lat' dir='ltr'><strong>anima</strong></span> <span class='ocrx_word' id='word_1_121' title='bbox 679 1244 752 1295; x_wconf 88' lang='lat' dir='ltr'><strong>soluta</strong></span> <span class='ocrx_word' id='word_1_122' title='bbox 764 1242 777 1294; x_wconf 82' lang='lat' dir='ltr'><strong>a</strong></span> <span class='ocrx_word' id='word_1_123' title='bbox 789 1257 839 1296; x_wconf 88' lang='lat' dir='ltr'><strong>cor·</strong></span> 
     </span>
     <span class='ocr_line' id='line_1_17' title="bbox 33 1313 735 1378; baseline -0.003 -12"><span class='ocrx_word' id='word_1_124' title='bbox 33 1325 103 1378; x_wconf 87' lang='lat' dir='ltr'><strong>pore,</strong></span> <span class='ocrx_word' id='word_1_125' title='bbox 117 1315 165 1366; x_wconf 89' lang='lat' dir='ltr'><strong>nisi</strong></span> <span class='ocrx_word' id='word_1_126' title='bbox 181 1313 284 1366; x_wconf 78' lang='lat' dir='ltr'><strong>fortassis</strong></span> <span class='ocrx_word' id='word_1_127' title='bbox 293 1317 402 1378; x_wconf 68' lang='lat' dir='ltr'><strong>unquam</strong></span> <span class='ocrx_word' id='word_1_128' title='bbox 415 1313 441 1366; x_wconf 88' lang='lat' dir='ltr'><strong>iri</strong></span> <span class='ocrx_word' id='word_1_129' title='bbox 453 1313 531 1366; x_wconf 85' lang='lat' dir='ltr'><strong>redies</strong></span> <span class='ocrx_word' id='word_1_130' title='bbox 540 1315 650 1377; x_wconf 74' lang='lat' dir='ltr'><strong>mnium.)</strong></span> <span class='ocrx_word' id='word_1_131' title='bbox 734 1329 735 1332; x_wconf 44' lang='lat'>¹</span> 
     </span>
    </p>

    <p class='ocr_par' dir='ltr' id='par_1_6' title="bbox 34 1385 841 2958">
     <span class='ocr_line' id='line_1_18' title="bbox 63 1385 840 1454; baseline 0.001 -18"><span class='ocrx_word' id='word_1_132' title='bbox 63 1386 207 1452; x_wconf 81' lang='lat' dir='ltr'><strong>Respondco</strong></span> <span class='ocrx_word' id='word_1_133' title='bbox 229 1385 364 1448; x_wconf 74' lang='lat' dir='ltr'><strong>eluendum,</strong></span> <span class='ocrx_word' id='word_1_134' title='bbox 380 1385 441 1449; x_wconf 85' lang='lat' dir='ltr'><strong>qndd</strong></span> <span class='ocrx_word' id='word_1_135' title='bbox 461 1385 551 1450; x_wconf 84' lang='lat' dir='ltr'><strong>quidem</strong></span> <span class='ocrx_word' id='word_1_136' title='bbox 576 1385 719 1451; x_wconf 77' lang='lat' dir='ltr'><strong>distinguunt</strong></span> <span class='ocrx_word' id='word_1_137' title='bbox 737 1386 840 1454; x_wconf 84' lang='lat' dir='ltr'><strong>duplices</strong></span> 
     </span>
     <span class='ocr_line' id='line_1_19' title="bbox 34 1457 840 1524; baseline 0.001 -17"><span class='ocrx_word' id='word_1_138' title='bbox 34 1461 97 1509; x_wconf 85' lang='lat' dir='ltr'><strong>ectus</strong></span> <span class='ocrx_word' id='word_1_139' title='bbox 115 1457 277 1509; x_wconf 83' lang='lat' dir='ltr'><strong>sensitivamm</strong></span> <span class='ocrx_word' id='word_1_140' title='bbox 296 1457 450 1522; x_wconf 83' lang='lat' dir='ltr'><strong>potentiarum</strong></span> <span class='ocrx_word' id='word_1_141' title='bbox 472 1457 482 1507; x_wconf 65' lang='lat'><strong>:⁴</strong></span> <span class='ocrx_word' id='word_1_142' title='bbox 498 1458 608 1524; x_wconf 86' lang='lat' dir='ltr'><strong>quosdam</strong></span> <span class='ocrx_word' id='word_1_143' title='bbox 632 1459 759 1510; x_wconf 81' lang='lat' dir='ltr'><strong>exteriores</strong></span> <span class='ocrx_word' id='word_1_144' title='bbox 782 1471 840 1524; x_wconf 81' lang='lat' dir='ltr'><strong>quos</strong></span> 
     </span>
     <span class='ocr_line' id='line_1_20' title="bbox 36 1523 840 1594; baseline 0.001 -15"><span class='ocrx_word' id='word_1_145' title='bbox 36 1530 112 1581; x_wconf 89' lang='lat' dir='ltr'><strong>anima</strong></span> <span class='ocrx_word' id='word_1_146' title='bbox 122 1543 165 1594; x_wconf 87' lang='lat' dir='ltr'><strong>per</strong></span> <span class='ocrx_word' id='word_1_147' title='bbox 178 1541 260 1594; x_wconf 86' lang='lat' dir='ltr'><strong>eorpus</strong></span> <span class='ocrx_word' id='word_1_148' title='bbox 275 1523 381 1591; x_wconf 74' lang='lat' dir='ltr'><strong>suerent,</strong></span> <span class='ocrx_word' id='word_1_149' title='bbox 390 1533 414 1580; x_wconf 89' lang='lat' dir='ltr'><strong>et</strong></span> <span class='ocrx_word' id='word_1_150' title='bbox 426 1527 452 1580; x_wconf 92' lang='lat' dir='ltr'><strong>iri</strong></span> <span class='ocrx_word' id='word_1_151' title='bbox 462 1541 508 1580; x_wconf 91' lang='lat' dir='ltr'><strong>nou</strong></span> <span class='ocrx_word' id='word_1_152' title='bbox 520 1533 639 1580; x_wconf 88' lang='lat' dir='ltr'><strong>remanent</strong></span> <span class='ocrx_word' id='word_1_153' title='bbox 651 1530 676 1580; x_wconf 91' lang='lat' dir='ltr'><strong>in</strong></span> <span class='ocrx_word' id='word_1_154' title='bbox 686 1531 762 1580; x_wconf 88' lang='lat' dir='ltr'><strong>anima</strong></span> <span class='ocrx_word' id='word_1_155' title='bbox 772 1541 840 1594; x_wconf 88' lang='lat' dir='ltr'><strong>sepa-</strong></span> 
     </span>
     <span class='ocr_line' id='line_1_21' title="bbox 37 1600 838 1666; baseline 0.001 -17"><span class='ocrx_word' id='word_1_156' title='bbox 37 1605 83 1652; x_wconf 85' lang='lat' dir='ltr'><strong>rata</strong></span> <span class='ocrx_word' id='word_1_157' title='bbox 93 1617 101 1666; x_wconf 88' lang='lat'><strong>;</strong></span> <span class='ocrx_word' id='word_1_158' title='bbox 113 1601 226 1666; x_wconf 86' lang='lat' dir='ltr'><strong>qnosdnm</strong></span> <span class='ocrx_word' id='word_1_159' title='bbox 234 1601 289 1652; x_wconf 81' lang='lat' dir='ltr'><strong>verd</strong></span> <span class='ocrx_word' id='word_1_160' title='bbox 299 1601 418 1653; x_wconf 79' lang='lat' dir='ltr'><strong>interiores</strong></span> <span class='ocrx_word' id='word_1_161' title='bbox 428 1613 484 1666; x_wconf 83' lang='lat' dir='ltr'><strong>ques</strong></span> <span class='ocrx_word' id='word_1_162' title='bbox 495 1600 570 1651; x_wconf 85' lang='lat' dir='ltr'><strong>anima</strong></span> <span class='ocrx_word' id='word_1_163' title='bbox 578 1613 622 1666; x_wconf 91' lang='lat' dir='ltr'><strong>per</strong></span> <span class='ocrx_word' id='word_1_164' title='bbox 632 1600 730 1666; x_wconf 89' lang='lat' dir='ltr'><strong>seipsam</strong></span> <span class='ocrx_word' id='word_1_165' title='bbox 739 1603 838 1666; x_wconf 84' lang='lat' dir='ltr'><strong>exercet,</strong></span> 
     </span>
     <span class='ocr_line' id='line_1_22' title="bbox 36 1671 839 1738; baseline 0 -16"><span class='ocrx_word' id='word_1_166' title='bbox 36 1677 58 1723; x_wconf 88' lang='lat' dir='ltr'><strong>ct</strong></span> <span class='ocrx_word' id='word_1_167' title='bbox 75 1674 102 1723; x_wconf 88' lang='lat' dir='ltr'><strong>hi</strong></span> <span class='ocrx_word' id='word_1_168' title='bbox 116 1678 185 1724; x_wconf 81' lang='lat' dir='ltr'><strong>muna</strong></span> <span class='ocrx_word' id='word_1_169' title='bbox 198 1673 224 1722; x_wconf 90' lang='lat' dir='ltr'><strong>in</strong></span> <span class='ocrx_word' id='word_1_170' title='bbox 237 1673 312 1724; x_wconf 90' lang='lat' dir='ltr'><strong>anima</strong></span> <span class='ocrx_word' id='word_1_171' title='bbox 321 1678 433 1738; x_wconf 87' lang='lat' dir='ltr'><strong>separata.</strong></span> <span class='ocrx_word' id='word_1_172' title='bbox 444 1674 499 1725; x_wconf 83' lang='lat' dir='ltr'><strong>tien</strong></span> <span class='ocrx_word' id='word_1_173' title='bbox 512 1676 588 1724; x_wconf 86' lang='lat' dir='ltr'><strong>nutem</strong></span> <span class='ocrx_word' id='word_1_174' title='bbox 606 1671 690 1738; x_wconf 86' lang='lat' dir='ltr'><strong>positio</strong></span> <span class='ocrx_word' id='word_1_175' title='bbox 703 1673 839 1724; x_wconf 85' lang='lat' dir='ltr'><strong>descendere</strong></span> 
     </span>
     <span class='ocr_line' id='line_1_23' title="bbox 36 1743 838 1810; baseline 0.001 -15"><span class='ocrx_word' id='word_1_176' title='bbox 36 1743 127 1795; x_wconf 79' lang='lat' dir='ltr'><strong>utetur</strong></span> <span class='ocrx_word' id='word_1_177' title='bbox 139 1745 169 1795; x_wconf 85' lang='lat' dir='ltr'><strong>att</strong></span> <span class='ocrx_word' id='word_1_178' title='bbox 181 1743 290 1809; x_wconf 90' lang='lat' dir='ltr'><strong>opinione</strong></span> <span class='ocrx_word' id='word_1_179' title='bbox 303 1744 418 1810; x_wconf 84' lang='lat' dir='ltr'><strong>Platonis,</strong></span> <span class='ocrx_word' id='word_1_180' title='bbox 428 1743 468 1809; x_wconf 79' lang='lat' dir='ltr'><strong>oui</strong></span> <span class='ocrx_word' id='word_1_181' title='bbox 478 1743 665 1810; x_wconf 78' lang='lat' dir='ltr'><strong>posuit‘aoimem</strong></span> <span class='ocrx_word' id='word_1_182' title='bbox 677 1743 766 1810; x_wconf 80' lang='lat' dir='ltr'><strong>corpori</strong></span> <span class='ocrx_word' id='word_1_183' title='bbox 784 1757 838 1796; x_wconf 92' lang='lat' dir='ltr'><strong>con·</strong></span> 
     </span>
     <span class='ocr_line' id='line_1_24' title="bbox 36 1813 839 1881; baseline -0.002 -13"><span class='ocrx_word' id='word_1_184' title='bbox 36 1814 118 1881; x_wconf 74' lang='lat' dir='ltr'><strong>iungi,</strong></span> <span class='ocrx_word' id='word_1_185' title='bbox 131 1815 191 1868; x_wconf 75' lang='lat' dir='ltr'><strong>siem</strong></span> <span class='ocrx_word' id='word_1_186' title='bbox 206 1818 328 1880; x_wconf 89' lang='lat' dir='ltr'><strong>quamdam</strong></span> <span class='ocrx_word' id='word_1_187' title='bbox 340 1813 490 1867; x_wconf 68' lang='lat' dir='ltr'><strong>scienotiam</strong></span> <span class='ocrx_word' id='word_1_188' title='bbox 507 1816 630 1880; x_wconf 78' lang='lat' dir='ltr'><strong>perfectam</strong></span> <span class='ocrx_word' id='word_1_189' title='bbox 648 1815 673 1866; x_wconf 88' lang='lat' dir='ltr'><strong>in</strong></span> <span class='ocrx_word' id='word_1_190' title='bbox 693 1817 755 1867; x_wconf 90' lang='lat' dir='ltr'><strong>notio</strong></span> <span class='ocrx_word' id='word_1_191' title='bbox 766 1815 780 1866; x_wconf 82' lang='lat' dir='ltr'><strong>i</strong></span> <span class='ocrx_word' id='word_1_192' title='bbox 790 1829 839 1868; x_wconf 87' lang='lat' dir='ltr'><strong>eor·</strong></span> 
     </span>
     <span class='ocr_line' id='line_1_25' title="bbox 36 1887 839 1954; baseline 0 -16"><span class='ocrx_word' id='word_1_193' title='bbox 36 1899 89 1950; x_wconf 89' lang='lat' dir='ltr'><strong>pore</strong></span> <span class='ocrx_word' id='word_1_194' title='bbox 115 1888 297 1954; x_wconf 83' lang='lat' dir='ltr'><strong>dependentem,</strong></span> <span class='ocrx_word' id='word_1_195' title='bbox 312 1887 353 1939; x_wconf 85' lang='lat' dir='ltr'><strong>sed</strong></span> <span class='ocrx_word' id='word_1_196' title='bbox 370 1887 445 1940; x_wconf 91' lang='lat' dir='ltr'><strong>sotum</strong></span> <span class='ocrx_word' id='word_1_197' title='bbox 463 1887 523 1938; x_wconf 88' lang='lat' dir='ltr'><strong>siout</strong></span> <span class='ocrx_word' id='word_1_198' title='bbox 541 1891 650 1939; x_wconf 88' lang='lat' dir='ltr'><strong>motorcm</strong></span> <span class='ocrx_word' id='word_1_199' title='bbox 669 1887 762 1952; x_wconf 87' lang='lat' dir='ltr'><strong>mobiii;</strong></span> <span class='ocrx_word' id='word_1_200' title='bbox 778 1888 839 1953; x_wconf 81' lang='lat' dir='ltr'><strong>quod</strong></span> 
     </span>
     <span class='ocr_line' id='line_1_26' title="bbox 38 1959 839 2029; baseline 0.001 -20"><span class='ocrx_word' id='word_1_201' title='bbox 38 1963 100 2022; x_wconf 88' lang='lat' dir='ltr'><strong>patet</strong></span> <span class='ocrx_word' id='word_1_202' title='bbox 115 1973 146 2012; x_wconf 80' lang='lat' dir='ltr'><strong>ex</strong></span> <span class='ocrx_word' id='word_1_203' title='bbox 160 1959 379 2029; x_wconf 85' lang='lat' dir='ltr'><strong>transcorporatione</strong></span> <span class='ocrx_word' id='word_1_204' title='bbox 392 1971 461 2024; x_wconf 81' lang='lat' dir='ltr'><strong>unam</strong></span> <span class='ocrx_word' id='word_1_205' title='bbox 475 1959 581 2025; x_wconf 85' lang='lat' dir='ltr'><strong>penetret.</strong></span> <span class='ocrx_word' id='word_1_206' title='bbox 597 1959 654 2019; x_wconf 78' lang='lat' dir='ltr'><strong>Quia</strong></span> <span class='ocrx_word' id='word_1_207' title='bbox 668 1962 745 2010; x_wconf 86' lang='lat' dir='ltr'><strong>autem</strong></span> <span class='ocrx_word' id='word_1_208' title='bbox 756 1972 839 2010; x_wconf 87' lang='lat' dir='ltr'><strong>seeun-</strong></span> 
     </span>
     <span class='ocr_line' id='line_1_27' title="bbox 37 2029 839 2098; baseline 0 -18"><span class='ocrx_word' id='word_1_209' title='bbox 37 2032 88 2082; x_wconf 87' lang='lat' dir='ltr'><strong>dum</strong></span> <span class='ocrx_word' id='word_1_210' title='bbox 102 2034 183 2098; x_wconf 86' lang='lat' dir='ltr'><strong>ipsum</strong></span> <span class='ocrx_word' id='word_1_211' title='bbox 197 2031 253 2083; x_wconf 87' lang='lat' dir='ltr'><strong>nitrit</strong></span> <span class='ocrx_word' id='word_1_212' title='bbox 270 2031 431 2084; x_wconf 83' lang='lat' dir='ltr'><strong>mouebutnisi</strong></span> <span class='ocrx_word' id='word_1_213' title='bbox 449 2036 549 2094; x_wconf 83' lang='lat' dir='ltr'><strong>motum,</strong></span> <span class='ocrx_word' id='word_1_214' title='bbox 565 2035 589 2082; x_wconf 86' lang='lat' dir='ltr'><strong>et</strong></span> <span class='ocrx_word' id='word_1_215' title='bbox 602 2043 631 2083; x_wconf 88' lang='lat' dir='ltr'><strong>ne</strong></span> <span class='ocrx_word' id='word_1_216' title='bbox 643 2032 742 2083; x_wconf 80' lang='lat' dir='ltr'><strong>odiretur</strong></span> <span class='ocrx_word' id='word_1_217' title='bbox 753 2031 777 2081; x_wconf 93' lang='lat' dir='ltr'><strong>in</strong></span> <span class='ocrx_word' id='word_1_218' title='bbox 786 2029 839 2080; x_wconf 89' lang='lat' dir='ltr'><strong>init·</strong></span> 
     </span>
     <span class='ocr_line' id='line_1_28' title="bbox 38 2103 837 2169; baseline 0.001 -16"><span class='ocrx_word' id='word_1_219' title='bbox 38 2105 126 2169; x_wconf 85' lang='lat' dir='ltr'><strong>ditum,</strong></span> <span class='ocrx_word' id='word_1_220' title='bbox 141 2105 230 2154; x_wconf 79' lang='lat' dir='ltr'><strong>dicebat</strong></span> <span class='ocrx_word' id='word_1_221' title='bbox 241 2103 301 2168; x_wconf 83' lang='lat' dir='ltr'><strong>quid</strong></span> <span class='ocrx_word' id='word_1_222' title='bbox 314 2103 413 2169; x_wconf 82' lang='lat' dir='ltr'><strong>priorem</strong></span> <span class='ocrx_word' id='word_1_223' title='bbox 424 2115 518 2156; x_wconf 87' lang='lat' dir='ltr'><strong>movens</strong></span> <span class='ocrx_word' id='word_1_224' title='bbox 532 2107 610 2156; x_wconf 84' lang='lat' dir='ltr'><strong>mouet</strong></span> <span class='ocrx_word' id='word_1_225' title='bbox 623 2103 740 2168; x_wconf 85' lang='lat' dir='ltr'><strong>scipsum,</strong></span> <span class='ocrx_word' id='word_1_226' title='bbox 752 2105 776 2154; x_wconf 88' lang='lat' dir='ltr'><strong>et</strong></span> <span class='ocrx_word' id='word_1_227' title='bbox 794 2115 837 2166; x_wconf 92' lang='lat' dir='ltr'><strong>po-</strong></span> 
     </span>
     <span class='ocr_line' id='line_1_29' title="bbox 40 2173 839 2242; baseline -0.004 -16"><span class='ocrx_word' id='word_1_228' title='bbox 40 2178 84 2228; x_wconf 88' lang='lat' dir='ltr'><strong>suit</strong></span> <span class='ocrx_word' id='word_1_229' title='bbox 98 2173 162 2242; x_wconf 75' lang='lat' dir='ltr'><strong>qued</strong></span> <span class='ocrx_word' id='word_1_230' title='bbox 176 2176 252 2226; x_wconf 88' lang='lat' dir='ltr'><strong>anima</strong></span> <span class='ocrx_word' id='word_1_231' title='bbox 266 2181 314 2228; x_wconf 89' lang='lat' dir='ltr'><strong>erat</strong></span> <span class='ocrx_word' id='word_1_232' title='bbox 328 2175 427 2240; x_wconf 87' lang='lat' dir='ltr'><strong>seipsam</strong></span> <span class='ocrx_word' id='word_1_233' title='bbox 440 2179 544 2226; x_wconf 81' lang='lat' dir='ltr'><strong>mouens.</strong></span> <span class='ocrx_word' id='word_1_234' title='bbox 555 2177 585 2226; x_wconf 84' lang='lat' dir='ltr'><strong>Et</strong></span> <span class='ocrx_word' id='word_1_235' title='bbox 596 2176 719 2226; x_wconf 90' lang='lat' dir='ltr'><strong>secundum</strong></span> <span class='ocrx_word' id='word_1_236' title='bbox 733 2177 778 2224; x_wconf 88' lang='lat' dir='ltr'><strong>iroe</strong></span> <span class='ocrx_word' id='word_1_237' title='bbox 790 2176 839 2224; x_wconf 88' lang='lat' dir='ltr'><strong>erat</strong></span> 
     </span>
     <span class='ocr_line' id='line_1_30' title="bbox 39 2243 839 2314; baseline -0.005 -16"><span class='ocrx_word' id='word_1_238' title='bbox 39 2248 121 2314; x_wconf 82' lang='lat' dir='ltr'><strong>duptex</strong></span> <span class='ocrx_word' id='word_1_239' title='bbox 135 2250 211 2298; x_wconf 89' lang='lat' dir='ltr'><strong>motus</strong></span> <span class='ocrx_word' id='word_1_240' title='bbox 227 2246 308 2299; x_wconf 85' lang='lat' dir='ltr'><strong>animae</strong></span> <span class='ocrx_word' id='word_1_241' title='bbox 327 2261 334 2298; x_wconf 86' lang='lat' dir='ltr'><strong>a</strong></span> <span class='ocrx_word' id='word_1_242' title='bbox 352 2261 412 2299; x_wconf 89' lang='lat' dir='ltr'><strong>unus</strong></span> <span class='ocrx_word' id='word_1_243' title='bbox 424 2260 471 2312; x_wconf 86' lang='lat' dir='ltr'><strong>quo</strong></span> <span class='ocrx_word' id='word_1_244' title='bbox 486 2247 593 2299; x_wconf 78' lang='lat' dir='ltr'><strong>morabut</strong></span> <span class='ocrx_word' id='word_1_245' title='bbox 603 2247 712 2312; x_wconf 86' lang='lat' dir='ltr'><strong>seipsam,</strong></span> <span class='ocrx_word' id='word_1_246' title='bbox 724 2243 782 2296; x_wconf 90' lang='lat' dir='ltr'><strong>atius</strong></span> <span class='ocrx_word' id='word_1_247' title='bbox 794 2257 839 2310; x_wconf 87' lang='lat' dir='ltr'><strong>quo</strong></span> 
     </span>
     <span class='ocr_line' id='line_1_31' title="bbox 41 2317 839 2383; baseline 0 -15"><span class='ocrx_word' id='word_1_248' title='bbox 41 2321 174 2371; x_wconf 85' lang='lat' dir='ltr'><strong>movebatur</strong></span> <span class='ocrx_word' id='word_1_249' title='bbox 182 2331 264 2383; x_wconf 87' lang='lat' dir='ltr'><strong>eorpus</strong></span> <span class='ocrx_word' id='word_1_250' title='bbox 276 2319 338 2370; x_wconf 81' lang='lat' dir='ltr'><strong>aitea</strong></span> <span class='ocrx_word' id='word_1_251' title='bbox 349 2335 356 2383; x_wconf 81' lang='lat'>3</span> <span class='ocrx_word' id='word_1_252' title='bbox 367 2323 393 2370; x_wconf 66' lang='lat' dir='ltr'><strong>vet</strong></span> <span class='ocrx_word' id='word_1_253' title='bbox 407 2317 440 2370; x_wconf 91' lang='lat' dir='ltr'><strong>sic</strong></span> <span class='ocrx_word' id='word_1_254' title='bbox 453 2319 552 2371; x_wconf 81' lang='lat' dir='ltr'><strong>hahebat</strong></span> <span class='ocrx_word' id='word_1_255' title='bbox 564 2323 640 2370; x_wconf 86' lang='lat' dir='ltr'><strong>actum</strong></span> <span class='ocrx_word' id='word_1_256' title='bbox 652 2318 692 2382; x_wconf 88' lang='lat' dir='ltr'><strong>qui</strong></span> <span class='ocrx_word' id='word_1_257' title='bbox 703 2320 739 2368; x_wconf 89' lang='lat' dir='ltr'><strong>est</strong></span> <span class='ocrx_word' id='word_1_258' title='bbox 750 2317 839 2380; x_wconf 83' lang='lat' dir='ltr'><strong>uidere,</strong></span> 
     </span>
     <span class='ocr_line' id='line_1_32' title="bbox 37 2387 837 2456; baseline -0.001 -17"><span class='ocrx_word' id='word_1_259' title='bbox 37 2391 119 2454; x_wconf 80' lang='lat' dir='ltr'><strong>primi,</strong></span> <span class='ocrx_word' id='word_1_260' title='bbox 131 2391 157 2441; x_wconf 91' lang='lat' dir='ltr'><strong>in</strong></span> <span class='ocrx_word' id='word_1_261' title='bbox 168 2389 245 2455; x_wconf 88' lang='lat' dir='ltr'><strong>seipsa</strong></span> <span class='ocrx_word' id='word_1_262' title='bbox 252 2391 378 2442; x_wconf 88' lang='lat' dir='ltr'><strong>seeundum</strong></span> <span class='ocrx_word' id='word_1_263' title='bbox 387 2391 447 2456; x_wconf 87' lang='lat' dir='ltr'><strong>qood</strong></span> <span class='ocrx_word' id='word_1_264' title='bbox 455 2392 560 2442; x_wconf 82' lang='lat' dir='ltr'><strong>monetet</strong></span> <span class='ocrx_word' id='word_1_265' title='bbox 568 2391 668 2456; x_wconf 81' lang='lat' dir='ltr'><strong>seipsam</strong></span> <span class='ocrx_word' id='word_1_266' title='bbox 677 2405 684 2453; x_wconf 89' lang='lat'>;</span> <span class='ocrx_word' id='word_1_267' title='bbox 693 2392 718 2439; x_wconf 85' lang='lat' dir='ltr'><strong>et</strong></span> <span class='ocrx_word' id='word_1_268' title='bbox 728 2387 837 2450; x_wconf 78' lang='lat' dir='ltr'><strong>secondo,</strong></span> 
     </span>
     <span class='ocr_line' id='line_1_33' title="bbox 39 2461 841 2528; baseline 0 -18"><span class='ocrx_word' id='word_1_269' title='bbox 39 2462 61 2512; x_wconf 90' lang='lat' dir='ltr'><strong>in</strong></span> <span class='ocrx_word' id='word_1_270' title='bbox 81 2475 170 2527; x_wconf 80' lang='lat' dir='ltr'><strong>organo</strong></span> <span class='ocrx_word' id='word_1_271' title='bbox 185 2461 309 2527; x_wconf 86' lang='lat' dir='ltr'><strong>corporati,</strong></span> <span class='ocrx_word' id='word_1_272' title='bbox 323 2465 447 2514; x_wconf 89' lang='lat' dir='ltr'><strong>seeundum</strong></span> <span class='ocrx_word' id='word_1_273' title='bbox 468 2463 528 2528; x_wconf 88' lang='lat' dir='ltr'><strong>qudd</strong></span> <span class='ocrx_word' id='word_1_274' title='bbox 549 2463 654 2514; x_wconf 88' lang='lat' dir='ltr'><strong>mouebat</strong></span> <span class='ocrx_word' id='word_1_275' title='bbox 671 2474 762 2526; x_wconf 89' lang='lat' dir='ltr'><strong>eorpus.</strong></span> <span class='ocrx_word' id='word_1_276' title='bbox 777 2461 841 2511; x_wconf 86' lang='lat' dir='ltr'><strong>tiano</strong></span> 
     </span>
     <span class='ocr_line' id='line_1_34' title="bbox 41 2533 839 2600; baseline -0.004 -17"><span class='ocrx_word' id='word_1_277' title='bbox 41 2537 115 2585; x_wconf 77' lang='lat' dir='ltr'><strong>numm</strong></span> <span class='ocrx_word' id='word_1_278' title='bbox 136 2534 273 2599; x_wconf 90' lang='lat' dir='ltr'><strong>positionem</strong></span> <span class='ocrx_word' id='word_1_279' title='bbox 291 2534 442 2600; x_wconf 81' lang='lat' dir='ltr'><strong>Philosophus</strong></span> <span class='ocrx_word' id='word_1_280' title='bbox 456 2535 551 2587; x_wconf 87' lang='lat' dir='ltr'><strong>destruit</strong></span> <span class='ocrx_word' id='word_1_281' title='bbox 570 2536 595 2585; x_wconf 94' lang='lat' dir='ltr'><strong>in</strong></span> <span class='ocrx_word' id='word_1_282' title='bbox 607 2533 648 2584; x_wconf 86' lang='lat' dir='ltr'><strong>iit.</strong></span> <span class='ocrx_word' id='word_1_283' title='bbox 667 2535 687 2584; x_wconf 89' lang='lat' dir='ltr'><strong>i.</strong></span> <span class='ocrx_word' id='word_1_284' title='bbox 704 2535 740 2582; x_wconf 87' lang='lat' dir='ltr'><strong>De</strong></span> <span class='ocrx_word' id='word_1_285' title='bbox 751 2533 839 2582; x_wconf 83' lang='lat' dir='ltr'><strong>animo</strong></span> 
     </span>
     <span class='ocr_line' id='line_1_35' title="bbox 40 2605 840 2671; baseline -0.005 -14"><span class='ocrx_word' id='word_1_286' title='bbox 40 2607 115 2667; x_wconf 86' lang='lat' dir='ltr'><strong>(text.</strong></span> <span class='ocrx_word' id='word_1_287' title='bbox 133 2609 180 2670; x_wconf 75' lang='lat' dir='ltr'><strong>ae,</strong></span> <span class='ocrx_word' id='word_1_288' title='bbox 195 2615 222 2654; x_wconf 87' lang='lat' dir='ltr'><strong>ae</strong></span> <span class='ocrx_word' id='word_1_289' title='bbox 236 2605 379 2671; x_wconf 90' lang='lat' dir='ltr'><strong>deinceps),</strong></span> <span class='ocrx_word' id='word_1_290' title='bbox 392 2608 515 2658; x_wconf 89' lang='lat' dir='ltr'><strong>ostendens</strong></span> <span class='ocrx_word' id='word_1_291' title='bbox 533 2605 682 2670; x_wconf 74' lang='lat' dir='ltr'><strong>quidenna</strong></span> <span class='ocrx_word' id='word_1_292' title='bbox 699 2616 746 2656; x_wconf 91' lang='lat' dir='ltr'><strong>non</strong></span> <span class='ocrx_word' id='word_1_293' title='bbox 762 2607 840 2654; x_wconf 85' lang='lat' dir='ltr'><strong>mouet</strong></span> 
     </span>
     <span class='ocr_line' id='line_1_36' title="bbox 41 2675 840 2743; baseline -0.001 -17"><span class='ocrx_word' id='word_1_294' title='bbox 41 2677 154 2743; x_wconf 89' lang='lat' dir='ltr'><strong>seipsam,</strong></span> <span class='ocrx_word' id='word_1_295' title='bbox 169 2680 193 2726; x_wconf 92' lang='lat' dir='ltr'><strong>et</strong></span> <span class='ocrx_word' id='word_1_296' title='bbox 209 2677 270 2740; x_wconf 91' lang='lat' dir='ltr'><strong>quod</strong></span> <span class='ocrx_word' id='word_1_297' title='bbox 282 2677 344 2728; x_wconf 86' lang='lat' dir='ltr'><strong>unito</strong></span> <span class='ocrx_word' id='word_1_298' title='bbox 358 2679 425 2729; x_wconf 85' lang='lat' dir='ltr'><strong>modo</strong></span> <span class='ocrx_word' id='word_1_299' title='bbox 436 2679 542 2729; x_wconf 86' lang='lat' dir='ltr'><strong>mouetur</strong></span> <span class='ocrx_word' id='word_1_300' title='bbox 553 2677 677 2728; x_wconf 85' lang='lat' dir='ltr'><strong>seeundum</strong></span> <span class='ocrx_word' id='word_1_301' title='bbox 690 2675 747 2726; x_wconf 88' lang='lat' dir='ltr'><strong>istas</strong></span> <span class='ocrx_word' id='word_1_302' title='bbox 760 2687 840 2740; x_wconf 91' lang='lat' dir='ltr'><strong>opera·</strong></span> 
     </span>
     <span class='ocr_line' id='line_1_37' title="bbox 43 2746 840 2814; baseline 0 -18"><span class='ocrx_word' id='word_1_303' title='bbox 43 2747 114 2799; x_wconf 89' lang='lat' dir='ltr'><strong>tiones</strong></span> <span class='ocrx_word' id='word_1_304' title='bbox 127 2757 180 2812; x_wconf 79' lang='lat' dir='ltr'><strong>one</strong></span> <span class='ocrx_word' id='word_1_305' title='bbox 190 2752 244 2798; x_wconf 88' lang='lat' dir='ltr'><strong>sunt</strong></span> <span class='ocrx_word' id='word_1_306' title='bbox 252 2746 329 2799; x_wconf 88' lang='lat' dir='ltr'><strong>uidere</strong></span> <span class='ocrx_word' id='word_1_307' title='bbox 337 2784 344 2810; x_wconf 90' lang='lat'><strong>,</strong></span> <span class='ocrx_word' id='word_1_308' title='bbox 352 2749 457 2814; x_wconf 84' lang='lat' dir='ltr'><strong>sentire,</strong></span> <span class='ocrx_word' id='word_1_309' title='bbox 468 2755 492 2800; x_wconf 91' lang='lat' dir='ltr'><strong>et</strong></span> <span class='ocrx_word' id='word_1_310' title='bbox 506 2747 648 2814; x_wconf 82' lang='lat' dir='ltr'><strong>hujusmodi3</strong></span> <span class='ocrx_word' id='word_1_311' title='bbox 665 2749 705 2800; x_wconf 88' lang='lat' dir='ltr'><strong>sed</strong></span> <span class='ocrx_word' id='word_1_312' title='bbox 716 2748 775 2812; x_wconf 87' lang='lat' dir='ltr'><strong>qudd</strong></span> <span class='ocrx_word' id='word_1_313' title='bbox 787 2749 840 2798; x_wconf 79' lang='lat' dir='ltr'><strong>iste</strong></span> 
     </span>
     <span class='ocr_line' id='line_1_38' title="bbox 41 2819 840 2886; baseline 0.003 -19"><span class='ocrx_word' id='word_1_314' title='bbox 41 2820 188 2882; x_wconf 88' lang='lat' dir='ltr'><strong>operationes</strong></span> <span class='ocrx_word' id='word_1_315' title='bbox 201 2823 347 2870; x_wconf 65' lang='lat' dir='ltr'><strong>sunt‘motus</strong></span> <span class='ocrx_word' id='word_1_316' title='bbox 366 2821 481 2886; x_wconf 81' lang='lat' dir='ltr'><strong>conjuncti</strong></span> <span class='ocrx_word' id='word_1_317' title='bbox 494 2823 591 2872; x_wconf 88' lang='lat' dir='ltr'><strong>tantum.</strong></span> <span class='ocrx_word' id='word_1_318' title='bbox 613 2821 676 2871; x_wconf 91' lang='lat' dir='ltr'><strong>itnde</strong></span> <span class='ocrx_word' id='word_1_319' title='bbox 698 2824 787 2885; x_wconf 89' lang='lat' dir='ltr'><strong>oportet</strong></span> <span class='ocrx_word' id='word_1_320' title='bbox 800 2819 840 2871; x_wconf 91' lang='lat' dir='ltr'><strong>di-</strong></span> 
     </span>
     <span class='ocr_line' id='line_1_39' title="bbox 41 2889 840 2958; baseline 0 -16"><span class='ocrx_word' id='word_1_321' title='bbox 41 2902 92 2943; x_wconf 87' lang='lat' dir='ltr'><strong>cere</strong></span> <span class='ocrx_word' id='word_1_322' title='bbox 110 2889 173 2958; x_wconf 81' lang='lat' dir='ltr'><strong>quod</strong></span> <span class='ocrx_word' id='word_1_323' title='bbox 185 2895 256 2944; x_wconf 78' lang='lat' dir='ltr'><strong>notus</strong></span> <span class='ocrx_word' id='word_1_324' title='bbox 272 2891 433 2946; x_wconf 80' lang='lat' dir='ltr'><strong>sensitivamm</strong></span> <span class='ocrx_word' id='word_1_325' title='bbox 452 2892 605 2958; x_wconf 80' lang='lat' dir='ltr'><strong>potentiorum</strong></span> <span class='ocrx_word' id='word_1_326' title='bbox 619 2891 682 2945; x_wconf 88' lang='lat' dir='ltr'><strong>notio</strong></span> <span class='ocrx_word' id='word_1_327' title='bbox 700 2893 767 2945; x_wconf 90' lang='lat' dir='ltr'><strong>modo</strong></span> <span class='ocrx_word' id='word_1_328' title='bbox 786 2903 840 2942; x_wconf 79' lang='lat' dir='ltr'><strong>ma-</strong></span> 
     </span>
    </p>
   </div>
   <div class='ocr_carea' id='block_1_3' title="bbox 0 0 987 3314">
    <p class='ocr_par' dir='ltr' id='par_1_7' title="bbox 0 0 987 3314">
     <span class='ocr_line' id='line_1_40' title="bbox 0 0 987 3314; baseline 0 0"><span class='ocrx_word' id='word_1_329' title='bbox 0 0 987 3314; x_wconf 95' lang='lat' dir='ltr'><strong> </strong></span> 
     </span>
    </p>
   </div>
  </div>
 </body>
</html>
