<?xml version="1.0" encoding="UTF-8"?>
<!DOCTYPE html PUBLIC "-//W3C//DTD XHTML 1.0 Transitional//EN"
    "http://www.w3.org/TR/xhtml1/DTD/xhtml1-transitional.dtd">
<html xmlns="http://www.w3.org/1999/xhtml" xml:lang="en" lang="en">
 <head>
  <title>
</title>
<meta http-equiv="Content-Type" content="text/html;charset=utf-8" />
  <meta name='ocr-system' content='tesseract 3.04.00' />
  <meta name='ocr-capabilities' content='ocr_page ocr_carea ocr_par ocr_line ocrx_word'/>
</head>
<body>
  <div class='ocr_page' id='page_1' title='image "./summatheologica06nicogoog_0480.png"; bbox 0 0 1954 3314; ppageno 0'>
   <div class='ocr_carea' id='block_1_1' title="bbox 127 169 805 227">
    <p class='ocr_par' dir='ltr' id='par_1_1' title="bbox 127 169 805 227">
     <span class='ocr_line' id='line_1_1' title="bbox 127 169 805 227; baseline 0.003 -13"><span class='ocrx_word' id='word_1_1' title='bbox 127 169 172 214; x_wconf 61' lang='grc'><strong>476</strong></span> <span class='ocrx_word' id='word_1_2' title='bbox 256 179 456 227; x_wconf 66' lang='grc' dir='ltr'><strong>ὅϋΡΡιΕΙΕΠἩΙΙ,</strong></span> <span class='ocrx_word' id='word_1_3' title='bbox 473 178 564 220; x_wconf 72' lang='lat' dir='ltr'><strong>Qumsr.</strong></span> <span class='ocrx_word' id='word_1_4' title='bbox 580 179 685 226; x_wconf 72' lang='lat' dir='ltr'><strong>uniit,</strong></span> <span class='ocrx_word' id='word_1_5' title='bbox 703 180 759 216; x_wconf 71' lang='grc' dir='ltr'><strong>ΛΒΤ.</strong></span> <span class='ocrx_word' id='word_1_6' title='bbox 778 181 805 216; x_wconf 85' lang='grc' dir='ltr'><strong>ΙΙ.</strong></span> 
     </span>
    </p>
   </div>
   <div class='ocr_carea' id='block_1_2' title="bbox 124 253 927 1165">
    <p class='ocr_par' dir='ltr' id='par_1_2' title="bbox 124 253 925 376">
     <span class='ocr_line' id='line_1_2' title="bbox 124 253 925 319; baseline 0.002 -15"><span class='ocrx_word' id='word_1_7' title='bbox 124 255 249 318; x_wconf 76' lang='lat' dir='ltr'>corrigetur</span> <span class='ocrx_word' id='word_1_8' title='bbox 262 255 288 303; x_wconf 92' lang='lat' dir='ltr'><strong>in</strong></span> <span class='ocrx_word' id='word_1_9' title='bbox 303 253 476 305; x_wconf 86' lang='lat' dir='ltr'><strong>resurreetione.</strong></span> <span class='ocrx_word' id='word_1_10' title='bbox 494 255 553 315; x_wconf 80' lang='lat' dir='ltr'><strong>Ergo</strong></span> <span class='ocrx_word' id='word_1_11' title='bbox 572 265 652 305; x_wconf 87' lang='lat' dir='ltr'><strong>ornnes</strong></span> <span class='ocrx_word' id='word_1_12' title='bbox 665 260 787 319; x_wconf 78' lang='lat' dir='ltr'><strong>resurgent</strong></span> <span class='ocrx_word' id='word_1_13' title='bbox 805 257 830 306; x_wconf 92' lang='lat' dir='ltr'><strong>in</strong></span> <span class='ocrx_word' id='word_1_14' title='bbox 848 259 925 308; x_wconf 87' lang='lat' dir='ltr'><strong>eaden</strong></span> 
     </span>
     <span class='ocr_line' id='line_1_3' title="bbox 125 329 222 376; baseline 0 0"><span class='ocrx_word' id='word_1_15' title='bbox 125 329 222 376; x_wconf 81' lang='lat' dir='ltr'><strong>statura.</strong></span> 
     </span>
    </p>

    <p class='ocr_par' dir='ltr' id='par_1_3' title="bbox 124 394 927 1165">
     <span class='ocr_line' id='line_1_4' title="bbox 155 394 927 461; baseline 0.005 -18"><span class='ocrx_word' id='word_1_16' title='bbox 155 402 179 445; x_wconf 81' lang='lat' dir='ltr'><strong>e.</strong></span> <span class='ocrx_word' id='word_1_17' title='bbox 195 397 324 458; x_wconf 81' lang='lat' dir='ltr'><strong>Praeterea,</strong></span> <span class='ocrx_word' id='word_1_18' title='bbox 342 397 458 459; x_wconf 81' lang='lat' dir='ltr'><strong>quantitas</strong></span> <span class='ocrx_word' id='word_1_19' title='bbox 476 394 615 457; x_wconf 76' lang='lat' dir='ltr'><strong>resurgentis</strong></span> <span class='ocrx_word' id='word_1_20' title='bbox 634 407 681 445; x_wconf 92' lang='lat' dir='ltr'><strong>non</strong></span> <span class='ocrx_word' id='word_1_21' title='bbox 705 397 790 458; x_wconf 88' lang='lat' dir='ltr'><strong>poterit</strong></span> <span class='ocrx_word' id='word_1_22' title='bbox 808 411 859 449; x_wconf 84' lang='lat' dir='ltr'><strong>ense</strong></span> <span class='ocrx_word' id='word_1_23' title='bbox 877 412 927 461; x_wconf 90' lang='lat' dir='ltr'><strong>pro·</strong></span> 
     </span>
     <span class='ocr_line' id='line_1_5' title="bbox 124 463 925 531; baseline 0 -15"><span class='ocrx_word' id='word_1_24' title='bbox 124 468 250 528; x_wconf 87' lang='lat' dir='ltr'><strong>portiouata</strong></span> <span class='ocrx_word' id='word_1_25' title='bbox 270 466 349 516; x_wconf 89' lang='lat' dir='ltr'><strong>virtuti</strong></span> <span class='ocrx_word' id='word_1_26' title='bbox 362 466 475 527; x_wconf 81' lang='lat' dir='ltr'><strong>naturali,</strong></span> <span class='ocrx_word' id='word_1_27' title='bbox 494 479 545 528; x_wconf 78' lang='lat' dir='ltr'><strong>que</strong></span> <span class='ocrx_word' id='word_1_28' title='bbox 558 463 925 531; x_wconf 81' lang='lat' dir='ltr'><strong>primbeorpusiormavit31ranr</strong></span> 
     </span>
     <span class='ocr_line' id='line_1_6' title="bbox 125 537 925 604; baseline 0.003 -18"><span class='ocrx_word' id='word_1_29' title='bbox 125 537 181 588; x_wconf 78' lang='lat' dir='ltr'><strong>aliis</strong></span> <span class='ocrx_word' id='word_1_30' title='bbox 191 538 231 601; x_wconf 91' lang='lat' dir='ltr'><strong>qui</strong></span> <span class='ocrx_word' id='word_1_31' title='bbox 245 551 291 588; x_wconf 89' lang='lat' dir='ltr'><strong>non</strong></span> <span class='ocrx_word' id='word_1_32' title='bbox 304 542 427 601; x_wconf 89' lang='lat' dir='ltr'><strong>potuerunt</strong></span> <span class='ocrx_word' id='word_1_33' title='bbox 439 539 467 587; x_wconf 90' lang='lat' dir='ltr'><strong>ad</strong></span> <span class='ocrx_word' id='word_1_34' title='bbox 482 537 590 600; x_wconf 83' lang='lat' dir='ltr'><strong>majorem</strong></span> <span class='ocrx_word' id='word_1_35' title='bbox 603 538 755 600; x_wconf 73' lang='lat' dir='ltr'><strong>quantitatem</strong></span> <span class='ocrx_word' id='word_1_36' title='bbox 770 540 868 604; x_wconf 85' lang='lat' dir='ltr'><strong>perduoi</strong></span> <span class='ocrx_word' id='word_1_37' title='bbox 877 540 925 588; x_wconf 91' lang='lat' dir='ltr'><strong>vir·</strong></span> 
     </span>
     <span class='ocr_line' id='line_1_7' title="bbox 126 607 924 674; baseline 0.004 -16"><span class='ocrx_word' id='word_1_38' title='bbox 126 610 174 658; x_wconf 81' lang='lat' dir='ltr'><strong>tute</strong></span> <span class='ocrx_word' id='word_1_39' title='bbox 188 612 289 669; x_wconf 83' lang='lat' dir='ltr'><strong>natnrae,</strong></span> <span class='ocrx_word' id='word_1_40' title='bbox 300 621 416 672; x_wconf 85' lang='lat' dir='ltr'><strong>nunquam</strong></span> <span class='ocrx_word' id='word_1_41' title='bbox 426 609 451 658; x_wconf 92' lang='lat' dir='ltr'><strong>in</strong></span> <span class='ocrx_word' id='word_1_42' title='bbox 465 607 545 670; x_wconf 76' lang='lat' dir='ltr'><strong>majori</strong></span> <span class='ocrx_word' id='word_1_43' title='bbox 554 607 685 670; x_wconf 86' lang='lat' dir='ltr'><strong>quantitate</strong></span> <span class='ocrx_word' id='word_1_44' title='bbox 694 614 855 672; x_wconf 69' lang='lat' dir='ltr'><strong>resurgerent,</strong></span> <span class='ocrx_word' id='word_1_45' title='bbox 866 611 924 674; x_wconf 87' lang='lat' dir='ltr'><strong>quod</strong></span> 
     </span>
     <span class='ocr_line' id='line_1_8' title="bbox 125 677 927 747; baseline 0.001 -21"><span class='ocrx_word' id='word_1_46' title='bbox 125 678 208 727; x_wconf 78' lang='lat' dir='ltr'><strong>tainum</strong></span> <span class='ocrx_word' id='word_1_47' title='bbox 223 683 269 728; x_wconf 85' lang='lat' dir='ltr'><strong>est.</strong></span> <span class='ocrx_word' id='word_1_48' title='bbox 280 679 344 740; x_wconf 74' lang='lat' dir='ltr'><strong>nrgo</strong></span> <span class='ocrx_word' id='word_1_49' title='bbox 364 683 454 742; x_wconf 87' lang='lat' dir='ltr'><strong>oportet</strong></span> <span class='ocrx_word' id='word_1_50' title='bbox 469 678 531 742; x_wconf 87' lang='lat' dir='ltr'><strong>qndd</strong></span> <span class='ocrx_word' id='word_1_51' title='bbox 550 678 666 740; x_wconf 82' lang='lat' dir='ltr'><strong>quantitas</strong></span> <span class='ocrx_word' id='word_1_52' title='bbox 685 677 726 728; x_wconf 85' lang='lat' dir='ltr'><strong>illa</strong></span> <span class='ocrx_word' id='word_1_53' title='bbox 742 681 927 747; x_wconf 75' lang='lat' dir='ltr'><strong>proportionetur</strong></span> 
     </span>
     <span class='ocr_line' id='line_1_9' title="bbox 127 747 926 814; baseline 0.004 -19"><span class='ocrx_word' id='word_1_54' title='bbox 127 747 207 797; x_wconf 89' lang='lat' dir='ltr'><strong>virtuti</strong></span> <span class='ocrx_word' id='word_1_55' title='bbox 220 749 336 811; x_wconf 79' lang='lat' dir='ltr'><strong>reparanti</strong></span> <span class='ocrx_word' id='word_1_56' title='bbox 345 763 427 813; x_wconf 85' lang='lat' dir='ltr'><strong>eorpus</strong></span> <span class='ocrx_word' id='word_1_57' title='bbox 440 749 563 798; x_wconf 86' lang='lat' dir='ltr'><strong>numanum</strong></span> <span class='ocrx_word' id='word_1_58' title='bbox 575 762 617 811; x_wconf 88' lang='lat' dir='ltr'><strong>per</strong></span> <span class='ocrx_word' id='word_1_59' title='bbox 629 751 819 801; x_wconf 80' lang='lat' dir='ltr'><strong>resurrectionem</strong></span> <span class='ocrx_word' id='word_1_60' title='bbox 829 756 869 814; x_wconf 88' lang='lat' dir='ltr'><strong>,et</strong></span> <span class='ocrx_word' id='word_1_61' title='bbox 882 765 926 800; x_wconf 90' lang='lat' dir='ltr'><strong>rm·</strong></span> 
     </span>
     <span class='ocr_line' id='line_1_10' title="bbox 128 816 927 885; baseline 0.001 -16"><span class='ocrx_word' id='word_1_62' title='bbox 128 818 192 870; x_wconf 83' lang='lat' dir='ltr'><strong>toriae</strong></span> <span class='ocrx_word' id='word_1_63' title='bbox 205 819 234 868; x_wconf 91' lang='lat' dir='ltr'><strong>de</strong></span> <span class='ocrx_word' id='word_1_64' title='bbox 243 832 288 882; x_wconf 90' lang='lat' dir='ltr'><strong>qua</strong></span> <span class='ocrx_word' id='word_1_65' title='bbox 299 825 425 884; x_wconf 87' lang='lat' dir='ltr'><strong>reparatur.</strong></span> <span class='ocrx_word' id='word_1_66' title='bbox 435 819 481 870; x_wconf 87' lang='lat' dir='ltr'><strong>Sed</strong></span> <span class='ocrx_word' id='word_1_67' title='bbox 490 819 569 869; x_wconf 90' lang='lat' dir='ltr'><strong>virtus</strong></span> <span class='ocrx_word' id='word_1_68' title='bbox 582 832 690 885; x_wconf 84' lang='lat' dir='ltr'><strong>reparnns</strong></span> <span class='ocrx_word' id='word_1_69' title='bbox 702 821 780 870; x_wconf 77' lang='lat' dir='ltr'><strong>omnin</strong></span> <span class='ocrx_word' id='word_1_70' title='bbox 792 833 887 885; x_wconf 81' lang='lat' dir='ltr'><strong>corpora</strong></span> <span class='ocrx_word' id='word_1_71' title='bbox 896 816 927 870; x_wconf 70' lang='lat' dir='ltr'><strong>ert</strong></span> 
     </span>
     <span class='ocr_line' id='line_1_11' title="bbox 129 889 926 954; baseline 0.003 -16"><span class='ocrx_word' id='word_1_72' title='bbox 129 890 209 939; x_wconf 88' lang='lat' dir='ltr'><strong>eadem</strong></span> <span class='ocrx_word' id='word_1_73' title='bbox 225 903 334 949; x_wconf 86' lang='lat' dir='ltr'><strong>numero,</strong></span> <span class='ocrx_word' id='word_1_74' title='bbox 349 889 437 940; x_wconf 82' lang='lat' dir='ltr'><strong>scilieet</strong></span> <span class='ocrx_word' id='word_1_75' title='bbox 453 889 529 940; x_wconf 88' lang='lat' dir='ltr'><strong>divina</strong></span> <span class='ocrx_word' id='word_1_76' title='bbox 547 889 636 954; x_wconf 89' lang='lat' dir='ltr'><strong>virtns;</strong></span> <span class='ocrx_word' id='word_1_77' title='bbox 650 891 739 941; x_wconf 86' lang='lat' dir='ltr'><strong>eineres</strong></span> <span class='ocrx_word' id='word_1_78' title='bbox 757 896 837 942; x_wconf 88' lang='lat' dir='ltr'><strong>antem</strong></span> <span class='ocrx_word' id='word_1_79' title='bbox 853 903 926 942; x_wconf 85' lang='lat' dir='ltr'><strong>omnen</strong></span> 
     </span>
     <span class='ocr_line' id='line_1_12' title="bbox 129 960 925 1025; baseline 0.001 -16"><span class='ocrx_word' id='word_1_80' title='bbox 129 960 256 1024; x_wconf 80' lang='lat' dir='ltr'><strong>exquibus</strong></span> <span class='ocrx_word' id='word_1_81' title='bbox 274 965 407 1024; x_wconf 83' lang='lat' dir='ltr'><strong>reparantur</strong></span> <span class='ocrx_word' id='word_1_82' title='bbox 427 962 527 1010; x_wconf 87' lang='lat' dir='ltr'><strong>humana</strong></span> <span class='ocrx_word' id='word_1_83' title='bbox 541 973 651 1024; x_wconf 74' lang='lat' dir='ltr'><strong>nemora,</strong></span> <span class='ocrx_word' id='word_1_84' title='bbox 665 961 793 1012; x_wconf 81' lang='lat' dir='ltr'><strong>se&#39;babent</strong></span> <span class='ocrx_word' id='word_1_85' title='bbox 812 963 925 1025; x_wconf 83' lang='lat' dir='ltr'><strong>requrtiter</strong></span> 
     </span>
     <span class='ocr_line' id='line_1_13' title="bbox 129 1029 923 1097; baseline 0 -17"><span class='ocrx_word' id='word_1_86' title='bbox 129 1031 158 1081; x_wconf 90' lang='lat' dir='ltr'><strong>ad</strong></span> <span class='ocrx_word' id='word_1_87' title='bbox 172 1031 339 1097; x_wconf 79' lang='lat' dir='ltr'><strong>suscipiendam</strong></span> <span class='ocrx_word' id='word_1_88' title='bbox 348 1031 462 1080; x_wconf 82' lang='lat' dir='ltr'><strong>actionem</strong></span> <span class='ocrx_word' id='word_1_89' title='bbox 473 1030 585 1094; x_wconf 82' lang='lat' dir='ltr'><strong>praediotae</strong></span> <span class='ocrx_word' id='word_1_90' title='bbox 600 1029 702 1082; x_wconf 89' lang='lat' dir='ltr'><strong>virtutis.</strong></span> <span class='ocrx_word' id='word_1_91' title='bbox 712 1031 774 1096; x_wconf 73' lang='lat' dir='ltr'><strong>Ergo</strong></span> <span class='ocrx_word' id='word_1_92' title='bbox 785 1033 815 1083; x_wconf 87' lang='lat' dir='ltr'><strong>ad</strong></span> <span class='ocrx_word' id='word_1_93' title='bbox 828 1035 923 1084; x_wconf 85' lang='lat' dir='ltr'><strong>eamden</strong></span> 
     </span>
     <span class='ocr_line' id='line_1_14' title="bbox 130 1101 923 1165; baseline 0.003 -14"><span class='ocrx_word' id='word_1_94' title='bbox 130 1102 279 1164; x_wconf 77' lang='lat' dir='ltr'><strong>quantitatem</strong></span> <span class='ocrx_word' id='word_1_95' title='bbox 296 1102 455 1154; x_wconf 85' lang='lat' dir='ltr'><strong>terminabitur</strong></span> <span class='ocrx_word' id='word_1_96' title='bbox 473 1101 608 1153; x_wconf 85' lang='lat' dir='ltr'><strong>resurreetio</strong></span> <span class='ocrx_word' id='word_1_97' title='bbox 629 1101 731 1152; x_wconf 88' lang='lat' dir='ltr'><strong>omnium</strong></span> <span class='ocrx_word' id='word_1_98' title='bbox 747 1103 884 1165; x_wconf 66' lang='lat' dir='ltr'><strong>bominum</strong></span> <span class='ocrx_word' id='word_1_99' title='bbox 905 1109 923 1153; x_wconf 85' lang='lat' dir='ltr'><strong>rt</strong></span> 
     </span>
    </p>
   </div>
   <div class='ocr_carea' id='block_1_3' title="bbox 33 1171 397 1237">
    <p class='ocr_par' dir='ltr' id='par_1_4' title="bbox 33 1171 397 1237">
     <span class='ocr_line' id='line_1_15' title="bbox 33 1171 397 1237; baseline 0.003 -16"><span class='ocrx_word' id='word_1_100' title='bbox 33 1193 37 1200; x_wconf 93' lang='lat'>·</span> <span class='ocrx_word' id='word_1_101' title='bbox 130 1173 164 1222; x_wconf 87' lang='lat' dir='ltr'><strong>sio</strong></span> <span class='ocrx_word' id='word_1_102' title='bbox 180 1172 238 1224; x_wconf 89' lang='lat' dir='ltr'><strong>idem</strong></span> <span class='ocrx_word' id='word_1_103' title='bbox 251 1174 312 1236; x_wconf 87' lang='lat' dir='ltr'><strong>qnod</strong></span> <span class='ocrx_word' id='word_1_104' title='bbox 325 1171 397 1237; x_wconf 88' lang='lat' dir='ltr'><strong>prids.</strong></span> 
     </span>
    </p>
   </div>
   <div class='ocr_carea' id='block_1_4' title="bbox 129 1243 962 2942">
    <p class='ocr_par' dir='ltr' id='par_1_5' title="bbox 129 1243 924 1578">
     <span class='ocr_line' id='line_1_16' title="bbox 161 1243 924 1308; baseline -0.004 -13"><span class='ocrx_word' id='word_1_105' title='bbox 161 1245 204 1295; x_wconf 87' lang='lat' dir='ltr'><strong>Sed</strong></span> <span class='ocrx_word' id='word_1_106' title='bbox 217 1249 294 1296; x_wconf 85' lang='lat' dir='ltr'><strong>contra</strong></span> <span class='ocrx_word' id='word_1_107' title='bbox 303 1282 311 1307; x_wconf 92' lang='lat'><strong><em>,</em></strong></span> <span class='ocrx_word' id='word_1_108' title='bbox 321 1246 436 1308; x_wconf 78' lang='lat' dir='ltr'><strong>quantitas</strong></span> <span class='ocrx_word' id='word_1_109' title='bbox 454 1243 562 1296; x_wconf 84' lang='lat' dir='ltr'><strong>naturalis</strong></span> <span class='ocrx_word' id='word_1_110' title='bbox 573 1244 722 1308; x_wconf 77' lang='lat' dir='ltr'><strong>consequitrr</strong></span> <span class='ocrx_word' id='word_1_111' title='bbox 737 1249 843 1296; x_wconf 81' lang='lat' dir='ltr'><strong>naturam</strong></span> <span class='ocrx_word' id='word_1_112' title='bbox 856 1245 924 1295; x_wconf 84' lang='lat' dir='ltr'><strong>unius·</strong></span> 
     </span>
     <span class='ocr_line' id='line_1_17' title="bbox 129 1314 923 1378; baseline -0.005 -11"><span class='ocrx_word' id='word_1_113' title='bbox 129 1314 239 1378; x_wconf 76' lang='lat' dir='ltr'><strong>cujusque</strong></span> <span class='ocrx_word' id='word_1_114' title='bbox 252 1315 370 1367; x_wconf 90' lang='lat' dir='ltr'><strong>individui.</strong></span> <span class='ocrx_word' id='word_1_115' title='bbox 380 1316 425 1366; x_wconf 84' lang='lat' dir='ltr'><strong>Sed</strong></span> <span class='ocrx_word' id='word_1_116' title='bbox 438 1316 462 1366; x_wconf 95' lang='lat' dir='ltr'><strong>in</strong></span> <span class='ocrx_word' id='word_1_117' title='bbox 476 1315 639 1368; x_wconf 85' lang='lat' dir='ltr'><strong>resurreetione</strong></span> <span class='ocrx_word' id='word_1_118' title='bbox 652 1328 699 1366; x_wconf 91' lang='lat' dir='ltr'><strong>uun</strong></span> <span class='ocrx_word' id='word_1_119' title='bbox 712 1315 839 1366; x_wconf 83' lang='lat' dir='ltr'><strong>variabitur</strong></span> <span class='ocrx_word' id='word_1_120' title='bbox 852 1320 923 1366; x_wconf 79' lang='lat' dir='ltr'><strong>nature</strong></span> 
     </span>
     <span class='ocr_line' id='line_1_18' title="bbox 129 1384 924 1452; baseline 0 -17"><span class='ocrx_word' id='word_1_121' title='bbox 129 1385 249 1439; x_wconf 78' lang='lat' dir='ltr'><strong>individui.</strong></span> <span class='ocrx_word' id='word_1_122' title='bbox 265 1388 325 1452; x_wconf 76' lang='lat' dir='ltr'><strong>Ergo</strong></span> <span class='ocrx_word' id='word_1_123' title='bbox 339 1401 382 1438; x_wconf 87' lang='lat' dir='ltr'><strong>nee</strong></span> <span class='ocrx_word' id='word_1_124' title='bbox 390 1386 508 1450; x_wconf 82' lang='lat' dir='ltr'><strong>quantitas</strong></span> <span class='ocrx_word' id='word_1_125' title='bbox 526 1386 636 1437; x_wconf 87' lang='lat' dir='ltr'><strong>naturalis</strong></span> <span class='ocrx_word' id='word_1_126' title='bbox 648 1384 708 1448; x_wconf 75' lang='lat' dir='ltr'><strong>eius.</strong></span> <span class='ocrx_word' id='word_1_127' title='bbox 722 1387 767 1436; x_wconf 89' lang='lat' dir='ltr'><strong>Sed</strong></span> <span class='ocrx_word' id='word_1_128' title='bbox 783 1399 829 1437; x_wconf 89' lang='lat' dir='ltr'><strong>nou</strong></span> <span class='ocrx_word' id='word_1_129' title='bbox 844 1393 880 1438; x_wconf 91' lang='lat' dir='ltr'><strong>est</strong></span> <span class='ocrx_word' id='word_1_130' title='bbox 891 1398 924 1435; x_wconf 85' lang='lat' dir='ltr'><strong>ea-</strong></span> 
     </span>
     <span class='ocr_line' id='line_1_19' title="bbox 129 1455 924 1520; baseline -0.004 -14"><span class='ocrx_word' id='word_1_131' title='bbox 129 1457 180 1506; x_wconf 87' lang='lat' dir='ltr'><strong>dem</strong></span> <span class='ocrx_word' id='word_1_132' title='bbox 197 1457 313 1519; x_wconf 84' lang='lat' dir='ltr'><strong>quantitas</strong></span> <span class='ocrx_word' id='word_1_133' title='bbox 326 1455 435 1508; x_wconf 89' lang='lat' dir='ltr'><strong>naturalis</strong></span> <span class='ocrx_word' id='word_1_134' title='bbox 453 1456 565 1508; x_wconf 86' lang='lat' dir='ltr'><strong>omniurn.</strong></span> <span class='ocrx_word' id='word_1_135' title='bbox 579 1458 640 1520; x_wconf 75' lang='lat' dir='ltr'><strong>drgo</strong></span> <span class='ocrx_word' id='word_1_136' title='bbox 656 1469 703 1509; x_wconf 84' lang='lat' dir='ltr'><strong>nen</strong></span> <span class='ocrx_word' id='word_1_137' title='bbox 717 1469 798 1508; x_wconf 83' lang='lat' dir='ltr'><strong>omnes</strong></span> <span class='ocrx_word' id='word_1_138' title='bbox 812 1459 924 1520; x_wconf 72' lang='lat' dir='ltr'><strong>resurgent</strong></span> 
     </span>
     <span class='ocr_line' id='line_1_20' title="bbox 129 1525 356 1578; baseline 0.026 -6"><span class='ocrx_word' id='word_1_139' title='bbox 129 1525 153 1574; x_wconf 91' lang='lat' dir='ltr'><strong>in</strong></span> <span class='ocrx_word' id='word_1_140' title='bbox 166 1529 245 1577; x_wconf 86' lang='lat' dir='ltr'><strong>eadem</strong></span> <span class='ocrx_word' id='word_1_141' title='bbox 261 1533 356 1578; x_wconf 86' lang='lat' dir='ltr'><strong>statura.</strong></span> 
     </span>
    </p>

    <p class='ocr_par' dir='ltr' id='par_1_6' title="bbox 129 1600 883 1864">
     <span class='ocr_line' id='line_1_21' title="bbox 160 1600 867 1664; baseline 0 -16"><span class='ocrx_word' id='word_1_142' title='bbox 160 1601 275 1650; x_wconf 80' lang='lat' dir='ltr'><strong>Preterea</strong></span> <span class='ocrx_word' id='word_1_143' title='bbox 281 1637 290 1663; x_wconf 92' lang='lat'><em>,</em></span> <span class='ocrx_word' id='word_1_144' title='bbox 302 1606 382 1652; x_wconf 90' lang='lat' dir='ltr'><strong>natura</strong></span> <span class='ocrx_word' id='word_1_145' title='bbox 390 1602 490 1651; x_wconf 85' lang='lat' dir='ltr'><strong>bumana</strong></span> <span class='ocrx_word' id='word_1_146' title='bbox 500 1601 643 1664; x_wconf 84' lang='lat' dir='ltr'><strong>reparabitur</strong></span> <span class='ocrx_word' id='word_1_147' title='bbox 652 1612 694 1664; x_wconf 89' lang='lat' dir='ltr'><strong>per</strong></span> <span class='ocrx_word' id='word_1_148' title='bbox 705 1600 867 1652; x_wconf 61' lang='lat' dir='ltr'><strong>resurreetione</strong></span> 
     </span>
     <span class='ocr_line' id='line_1_22' title="bbox 129 1669 822 1737; baseline 0.001 -18"><span class='ocrx_word' id='word_1_149' title='bbox 129 1669 224 1732; x_wconf 80' lang='lat' dir='ltr'><strong>gloriam</strong></span> <span class='ocrx_word' id='word_1_150' title='bbox 237 1673 274 1721; x_wconf 91' lang='lat' dir='ltr'><strong>vel</strong></span> <span class='ocrx_word' id='word_1_151' title='bbox 290 1672 318 1722; x_wconf 92' lang='lat' dir='ltr'><strong>ad</strong></span> <span class='ocrx_word' id='word_1_152' title='bbox 331 1683 431 1737; x_wconf 85' lang='lat' dir='ltr'><strong>poenam.</strong></span> <span class='ocrx_word' id='word_1_153' title='bbox 445 1671 491 1724; x_wconf 86' lang='lat' dir='ltr'><strong>Sed</strong></span> <span class='ocrx_word' id='word_1_154' title='bbox 509 1684 555 1721; x_wconf 87' lang='lat' dir='ltr'><strong>nun</strong></span> <span class='ocrx_word' id='word_1_155' title='bbox 572 1671 618 1722; x_wconf 90' lang='lat' dir='ltr'><strong>erit</strong></span> <span class='ocrx_word' id='word_1_156' title='bbox 631 1671 710 1722; x_wconf 87' lang='lat' dir='ltr'><strong>eadem</strong></span> <span class='ocrx_word' id='word_1_157' title='bbox 724 1671 822 1734; x_wconf 78' lang='lat' dir='ltr'><strong>quantita</strong></span> 
     </span>
     <span class='ocr_line' id='line_1_23' title="bbox 131 1741 883 1804; baseline 0.007 -16"><span class='ocrx_word' id='word_1_158' title='bbox 131 1741 167 1791; x_wconf 88' lang='lat' dir='ltr'><strong>vei</strong></span> <span class='ocrx_word' id='word_1_159' title='bbox 184 1755 257 1804; x_wconf 82' lang='lat' dir='ltr'><strong>poeuae</strong></span> <span class='ocrx_word' id='word_1_160' title='bbox 271 1741 296 1792; x_wconf 92' lang='lat' dir='ltr'><strong>in</strong></span> <span class='ocrx_word' id='word_1_161' title='bbox 313 1741 418 1792; x_wconf 85' lang='lat' dir='ltr'><strong>omuibus</strong></span> <span class='ocrx_word' id='word_1_162' title='bbox 437 1741 617 1804; x_wconf 80' lang='lat' dir='ltr'><strong>resurgentibus.</strong></span> <span class='ocrx_word' id='word_1_163' title='bbox 631 1741 690 1804; x_wconf 70' lang='lat' dir='ltr'><strong>Ergo</strong></span> <span class='ocrx_word' id='word_1_164' title='bbox 708 1755 752 1792; x_wconf 87' lang='lat' dir='ltr'><strong>neo</strong></span> <span class='ocrx_word' id='word_1_165' title='bbox 764 1743 819 1793; x_wconf 88' lang='lat' dir='ltr'><strong>eade</strong></span> <span class='ocrx_word' id='word_1_166' title='bbox 880 1777 883 1784; x_wconf 80' lang='lat'>·</span> 
     </span>
     <span class='ocr_line' id='line_1_24' title="bbox 132 1810 305 1864; baseline 0.023 -4"><span class='ocrx_word' id='word_1_167' title='bbox 132 1810 185 1860; x_wconf 83' lang='lat' dir='ltr'><strong>titas</strong></span> <span class='ocrx_word' id='word_1_168' title='bbox 202 1815 305 1864; x_wconf 85' lang='lat' dir='ltr'><strong>staturae.</strong></span> 
     </span>
    </p>

    <p class='ocr_par' dir='ltr' id='par_1_7' title="bbox 132 1884 863 2159">
     <span class='ocr_line' id='line_1_25' title="bbox 166 1884 863 1949; baseline 0.004 -17"><span class='ocrx_word' id='word_1_169' title='bbox 166 1884 360 1944; x_wconf 74' lang='lat' dir='ltr'><strong>(concursio-</strong></span> <span class='ocrx_word' id='word_1_170' title='bbox 378 1885 486 1935; x_wconf 87' lang='lat' dir='ltr'><strong>Homines</strong></span> <span class='ocrx_word' id='word_1_171' title='bbox 500 1888 619 1948; x_wconf 74' lang='lat' dir='ltr'><strong>resurgent</strong></span> <span class='ocrx_word' id='word_1_172' title='bbox 632 1885 684 1949; x_wconf 83' lang='lat' dir='ltr'><strong>ejus</strong></span> <span class='ocrx_word' id='word_1_173' title='bbox 704 1887 821 1935; x_wconf 68' lang='lat' dir='ltr'><strong>staturae(</strong></span> <span class='ocrx_word' id='word_1_174' title='bbox 860 1918 863 1929; x_wconf 79' lang='grc'>-</span> 
     </span>
     <span class='ocr_line' id='line_1_26' title="bbox 133 1953 845 2020; baseline -0.004 -17"><span class='ocrx_word' id='word_1_175' title='bbox 133 1957 247 2003; x_wconf 85' lang='lat' dir='ltr'><strong>erantant</strong></span> <span class='ocrx_word' id='word_1_176' title='bbox 260 1953 332 2004; x_wconf 80' lang='lat' dir='ltr'><strong>futuri</strong></span> <span class='ocrx_word' id='word_1_177' title='bbox 341 1959 407 2004; x_wconf 88' lang='lat' dir='ltr'><strong>erant</strong></span> <span class='ocrx_word' id='word_1_178' title='bbox 416 1954 441 2004; x_wconf 92' lang='lat' dir='ltr'><strong>in</strong></span> <span class='ocrx_word' id='word_1_179' title='bbox 450 1953 582 2018; x_wconf 81' lang='lat' dir='ltr'><strong>juventute,</strong></span> <span class='ocrx_word' id='word_1_180' title='bbox 593 1956 634 2020; x_wconf 84' lang='lat' dir='ltr'><strong>qui</strong></span> <span class='ocrx_word' id='word_1_181' title='bbox 644 1958 680 2006; x_wconf 87' lang='lat' dir='ltr'><strong>est</strong></span> <span class='ocrx_word' id='word_1_182' title='bbox 688 1956 801 2008; x_wconf 85' lang='lat' dir='ltr'><strong>terminus</strong></span> <span class='ocrx_word' id='word_1_183' title='bbox 809 1967 845 2004; x_wconf 81' lang='lat' dir='ltr'><strong>a.=.</strong></span> 
     </span>
     <span class='ocr_line' id='line_1_27' title="bbox 132 2024 819 2090; baseline 0.003 -16"><span class='ocrx_word' id='word_1_184' title='bbox 132 2025 153 2074; x_wconf 92' lang='lat' dir='ltr'><strong>si</strong></span> <span class='ocrx_word' id='word_1_185' title='bbox 166 2024 241 2076; x_wconf 89' lang='lat' dir='ltr'><strong>nultus</strong></span> <span class='ocrx_word' id='word_1_186' title='bbox 256 2028 343 2078; x_wconf 78' lang='lat' dir='ltr'><strong>nature</strong></span> <span class='ocrx_word' id='word_1_187' title='bbox 363 2037 425 2077; x_wconf 83' lang='lat' dir='ltr'><strong>error</strong></span> <span class='ocrx_word' id='word_1_188' title='bbox 445 2025 539 2090; x_wconf 78' lang='lat' dir='ltr'><strong>tuisset3</strong></span> <span class='ocrx_word' id='word_1_189' title='bbox 554 2027 594 2090; x_wconf 87' lang='lat' dir='ltr'><strong>qui</strong></span> <span class='ocrx_word' id='word_1_190' title='bbox 610 2027 630 2077; x_wconf 91' lang='lat' dir='ltr'><strong>si</strong></span> <span class='ocrx_word' id='word_1_191' title='bbox 644 2027 726 2088; x_wconf 87' lang='lat' dir='ltr'><strong>tuerit,</strong></span> <span class='ocrx_word' id='word_1_192' title='bbox 740 2025 819 2076; x_wconf 82' lang='lat' dir='ltr'><strong>divind</strong></span> 
     </span>
     <span class='ocr_line' id='line_1_28' title="bbox 133 2095 714 2159; baseline -0.005 -12"><span class='ocrx_word' id='word_1_193' title='bbox 133 2095 289 2159; x_wconf 79' lang='lat' dir='ltr'><strong>corrigetur.)</strong></span> <span class='ocrx_word' id='word_1_194' title='bbox 711 2117 714 2122; x_wconf 37' lang='lat' dir='ltr'><strong>v</strong></span> 
     </span>
    </p>

    <p class='ocr_par' dir='ltr' id='par_1_8' title="bbox 130 2165 962 2942">
     <span class='ocr_line' id='line_1_29' title="bbox 165 2165 876 2232; baseline 0.001 -15"><span class='ocrx_word' id='word_1_195' title='bbox 165 2167 299 2231; x_wconf 78' lang='lat' dir='ltr'><strong>[despondeo</strong></span> <span class='ocrx_word' id='word_1_196' title='bbox 312 2165 443 2232; x_wconf 79' lang='lat' dir='ltr'><strong>dicendum,</strong></span> <span class='ocrx_word' id='word_1_197' title='bbox 453 2168 513 2232; x_wconf 85' lang='lat' dir='ltr'><strong>qudd</strong></span> <span class='ocrx_word' id='word_1_198' title='bbox 524 2169 548 2221; x_wconf 91' lang='lat' dir='ltr'><strong>in</strong></span> <span class='ocrx_word' id='word_1_199' title='bbox 557 2170 724 2220; x_wconf 83' lang='lat' dir='ltr'><strong>resurreetione</strong></span> <span class='ocrx_word' id='word_1_200' title='bbox 735 2181 782 2219; x_wconf 88' lang='lat' dir='ltr'><strong>nnn</strong></span> <span class='ocrx_word' id='word_1_201' title='bbox 793 2181 817 2218; x_wconf 90' lang='lat' dir='ltr'><strong>re</strong></span> <span class='ocrx_word' id='word_1_202' title='bbox 866 2167 876 2212; x_wconf 76' lang='grc' dir='ltr'><strong>ι’</strong></span> 
     </span>
     <span class='ocr_line' id='line_1_30' title="bbox 132 2238 869 2304; baseline -0.003 -16"><span class='ocrx_word' id='word_1_203' title='bbox 132 2241 233 2288; x_wconf 87' lang='lat' dir='ltr'><strong>bumana</strong></span> <span class='ocrx_word' id='word_1_204' title='bbox 252 2242 333 2288; x_wconf 85' lang='lat' dir='ltr'><strong>natura</strong></span> <span class='ocrx_word' id='word_1_205' title='bbox 354 2238 428 2288; x_wconf 83' lang='lat' dir='ltr'><strong>solinu</strong></span> <span class='ocrx_word' id='word_1_206' title='bbox 446 2244 555 2304; x_wconf 87' lang='lat' dir='ltr'><strong>quantum</strong></span> <span class='ocrx_word' id='word_1_207' title='bbox 575 2242 602 2292; x_wconf 89' lang='lat' dir='ltr'><strong>nd</strong></span> <span class='ocrx_word' id='word_1_208' title='bbox 623 2241 684 2292; x_wconf 88' lang='lat' dir='ltr'><strong>idern</strong></span> <span class='ocrx_word' id='word_1_209' title='bbox 698 2239 818 2303; x_wconf 87' lang='lat' dir='ltr'><strong>speeie‚s</strong></span> <span class='ocrx_word' id='word_1_210' title='bbox 864 2257 869 2286; x_wconf 77' lang='lat' dir='ltr'><strong>r</strong></span> 
     </span>
     <span class='ocr_line' id='line_1_31' title="bbox 131 2307 898 2374; baseline -0.004 -14"><span class='ocrx_word' id='word_1_211' title='bbox 131 2314 240 2374; x_wconf 89' lang='lat' dir='ltr'><strong>qnantum</strong></span> <span class='ocrx_word' id='word_1_212' title='bbox 258 2307 286 2358; x_wconf 90' lang='lat' dir='ltr'><strong>ed</strong></span> <span class='ocrx_word' id='word_1_213' title='bbox 300 2308 360 2359; x_wconf 91' lang='lat' dir='ltr'><strong>idem</strong></span> <span class='ocrx_word' id='word_1_214' title='bbox 374 2323 486 2370; x_wconf 85' lang='lat' dir='ltr'><strong>nnmeru;</strong></span> <span class='ocrx_word' id='word_1_215' title='bbox 499 2317 523 2362; x_wconf 87' lang='lat' dir='ltr'><strong>et</strong></span> <span class='ocrx_word' id='word_1_216' title='bbox 543 2312 595 2362; x_wconf 92' lang='lat' dir='ltr'><strong>ideo</strong></span> <span class='ocrx_word' id='word_1_217' title='bbox 609 2311 634 2362; x_wconf 93' lang='lat' dir='ltr'><strong>in</strong></span> <span class='ocrx_word' id='word_1_218' title='bbox 651 2312 815 2362; x_wconf 86' lang='lat' dir='ltr'><strong>resurreetione</strong></span> <span class='ocrx_word' id='word_1_219' title='bbox 834 2325 873 2357; x_wconf 75' lang='lat' dir='ltr'><strong>nn</strong></span> <span class='ocrx_word' id='word_1_220' title='bbox 892 2331 898 2340; x_wconf 75' lang='lat'>=</span> 
     </span>
     <span class='ocr_line' id='line_1_32' title="bbox 131 2379 880 2446; baseline -0.004 -16"><span class='ocrx_word' id='word_1_221' title='bbox 131 2381 178 2430; x_wconf 88' lang='lat' dir='ltr'><strong>idm</strong></span> <span class='ocrx_word' id='word_1_222' title='bbox 191 2380 351 2430; x_wconf 88' lang='lat' dir='ltr'><strong>attendendum</strong></span> <span class='ocrx_word' id='word_1_223' title='bbox 362 2385 398 2432; x_wconf 91' lang='lat' dir='ltr'><strong>est</strong></span> <span class='ocrx_word' id='word_1_224' title='bbox 410 2382 465 2446; x_wconf 92' lang='lat' dir='ltr'><strong>quid</strong></span> <span class='ocrx_word' id='word_1_225' title='bbox 478 2387 594 2446; x_wconf 85' lang='lat' dir='ltr'><strong>competat</strong></span> <span class='ocrx_word' id='word_1_226' title='bbox 610 2386 698 2432; x_wconf 77' lang='lat' dir='ltr'><strong>nature</strong></span> <span class='ocrx_word' id='word_1_227' title='bbox 707 2379 809 2444; x_wconf 83' lang='lat' dir='ltr'><strong>speciei,</strong></span> <span class='ocrx_word' id='word_1_228' title='bbox 877 2406 880 2427; x_wconf 83' lang='lat' dir='ltr'><strong>t</strong></span> 
     </span>
     <span class='ocr_line' id='line_1_33' title="bbox 130 2451 882 2520; baseline -0.004 -17"><span class='ocrx_word' id='word_1_229' title='bbox 130 2454 245 2515; x_wconf 82' lang='lat' dir='ltr'><strong>competat</strong></span> <span class='ocrx_word' id='word_1_230' title='bbox 254 2451 466 2503; x_wconf 80' lang='lat' dir='ltr'><strong>naturaeindividui.</strong></span> <span class='ocrx_word' id='word_1_231' title='bbox 479 2453 565 2502; x_wconf 86' lang='lat' dir='ltr'><strong>Natura</strong></span> <span class='ocrx_word' id='word_1_232' title='bbox 574 2457 650 2504; x_wconf 89' lang='lat' dir='ltr'><strong>autern</strong></span> <span class='ocrx_word' id='word_1_233' title='bbox 660 2451 746 2520; x_wconf 83' lang='lat' dir='ltr'><strong>periei</strong></span> <span class='ocrx_word' id='word_1_234' title='bbox 753 2453 820 2502; x_wconf 86' lang='lat' dir='ltr'><strong>babet</strong></span> <span class='ocrx_word' id='word_1_235' title='bbox 850 2484 853 2495; x_wconf 84' lang='lat'><em>.</em></span> <span class='ocrx_word' id='word_1_236' title='bbox 872 2468 882 2478; x_wconf 93' lang='lat'><strong>··</strong></span> 
     </span>
     <span class='ocr_line' id='line_1_34' title="bbox 130 2522 876 2586; baseline -0.001 -14"><span class='ocrx_word' id='word_1_237' title='bbox 130 2522 290 2586; x_wconf 76' lang='lat' dir='ltr'><strong>quantitatem,</strong></span> <span class='ocrx_word' id='word_1_238' title='bbox 299 2535 366 2586; x_wconf 86' lang='lat' dir='ltr'><strong>quam</strong></span> <span class='ocrx_word' id='word_1_239' title='bbox 380 2536 422 2574; x_wconf 85' lang='lat' dir='ltr'><strong>nee</strong></span> <span class='ocrx_word' id='word_1_240' title='bbox 435 2524 526 2577; x_wconf 84' lang='lat' dir='ltr'><strong>excedit</strong></span> <span class='ocrx_word' id='word_1_241' title='bbox 537 2537 579 2574; x_wconf 85' lang='lat' dir='ltr'><strong>nee</strong></span> <span class='ocrx_word' id='word_1_242' title='bbox 588 2525 616 2574; x_wconf 89' lang='lat' dir='ltr'><strong>ab</strong></span> <span class='ocrx_word' id='word_1_243' title='bbox 625 2537 654 2574; x_wconf 85' lang='lat' dir='ltr'><strong>ea</strong></span> <span class='ocrx_word' id='word_1_244' title='bbox 664 2523 741 2574; x_wconf 85' lang='lat' dir='ltr'><strong>detieit</strong></span> <span class='ocrx_word' id='word_1_245' title='bbox 751 2523 820 2586; x_wconf 83' lang='lat' dir='ltr'><strong>abnqn</strong></span> <span class='ocrx_word' id='word_1_246' title='bbox 848 2537 876 2568; x_wconf 76' lang='lat' dir='ltr'><strong>«n</strong></span> 
     </span>
     <span class='ocr_line' id='line_1_35' title="bbox 130 2593 869 2659; baseline -0.005 -16"><span class='ocrx_word' id='word_1_247' title='bbox 130 2607 181 2658; x_wconf 82' lang='lat' dir='ltr'><strong>quur</strong></span> <span class='ocrx_word' id='word_1_248' title='bbox 194 2597 270 2648; x_wconf 81' lang='lat' dir='ltr'><strong>tanuen</strong></span> <span class='ocrx_word' id='word_1_249' title='bbox 285 2595 400 2658; x_wconf 85' lang='lat' dir='ltr'><strong>quantitas</strong></span> <span class='ocrx_word' id='word_1_250' title='bbox 410 2595 479 2644; x_wconf 89' lang='lat' dir='ltr'><strong>habet</strong></span> <span class='ocrx_word' id='word_1_251' title='bbox 491 2596 579 2659; x_wconf 83' lang='lat' dir='ltr'><strong>otiquos</strong></span> <span class='ocrx_word' id='word_1_252' title='bbox 592 2596 675 2657; x_wconf 77' lang='lat' dir='ltr'><strong>prauus</strong></span> <span class='ocrx_word' id='word_1_253' title='bbox 689 2593 832 2646; x_wconf 78' lang='lat' dir='ltr'><strong>latitudinis.</strong></span> <span class='ocrx_word' id='word_1_254' title='bbox 848 2604 869 2640; x_wconf 75' lang='lat' dir='ltr'><strong>ru</strong></span> 
     </span>
     <span class='ocr_line' id='line_1_36' title="bbox 131 2664 878 2729; baseline -0.009 -13"><span class='ocrx_word' id='word_1_255' title='bbox 131 2671 168 2716; x_wconf 88' lang='lat' dir='ltr'><strong>est</strong></span> <span class='ocrx_word' id='word_1_256' title='bbox 191 2664 322 2729; x_wconf 76' lang='lat' dir='ltr'><strong>arripienda</strong></span> <span class='ocrx_word' id='word_1_257' title='bbox 345 2665 470 2721; x_wconf 81' lang='lat' dir='ltr'><strong>secundino</strong></span> <span class='ocrx_word' id='word_1_258' title='bbox 493 2681 562 2716; x_wconf 89' lang='lat' dir='ltr'><strong>unarn</strong></span> <span class='ocrx_word' id='word_1_259' title='bbox 589 2678 719 2717; x_wconf 76' lang='lat' dir='ltr'><strong>mensuram</strong></span> <span class='ocrx_word' id='word_1_260' title='bbox 747 2665 834 2714; x_wconf 66' lang='lat' dir='ltr'><strong>deterre</strong></span> <span class='ocrx_word' id='word_1_261' title='bbox 848 2677 878 2710; x_wconf 73' lang='lat' dir='ltr'><strong>n·</strong></span> 
     </span>
     <span class='ocr_line' id='line_1_37' title="bbox 132 2737 962 2802; baseline -0.004 -16"><span class='ocrx_word' id='word_1_262' title='bbox 132 2737 313 2802; x_wconf 85' lang='lat' dir='ltr'><strong>Unumquodque</strong></span> <span class='ocrx_word' id='word_1_263' title='bbox 328 2743 404 2788; x_wconf 87' lang='lat' dir='ltr'><strong>autern</strong></span> <span class='ocrx_word' id='word_1_264' title='bbox 425 2737 568 2786; x_wconf 85' lang='lat' dir='ltr'><strong>individuum</strong></span> <span class='ocrx_word' id='word_1_265' title='bbox 587 2739 611 2786; x_wconf 92' lang='lat' dir='ltr'><strong>in</strong></span> <span class='ocrx_word' id='word_1_266' title='bbox 629 2737 706 2800; x_wconf 80' lang='lat' dir='ltr'><strong>specie</strong></span> <span class='ocrx_word' id='word_1_267' title='bbox 720 2738 818 2784; x_wconf 74' lang='lat' dir='ltr'><strong>humane</strong></span> <span class='ocrx_word' id='word_1_268' title='bbox 840 2747 875 2779; x_wconf 48' lang='grc' dir='ltr'><strong>ιώ</strong></span> <span class='ocrx_word' id='word_1_269' title='bbox 961 2753 962 2798; x_wconf 73' lang='lat'>3</span> 
     </span>
     <span class='ocr_line' id='line_1_38' title="bbox 132 2805 865 2870; baseline 0.003 -15"><span class='ocrx_word' id='word_1_270' title='bbox 132 2812 168 2856; x_wconf 85' lang='lat' dir='ltr'><strong>tur·</strong></span> <span class='ocrx_word' id='word_1_271' title='bbox 186 2808 244 2858; x_wconf 86' lang='lat' dir='ltr'><strong>inira</strong></span> <span class='ocrx_word' id='word_1_272' title='bbox 258 2808 368 2860; x_wconf 87' lang='lat' dir='ltr'><strong>terminos</strong></span> <span class='ocrx_word' id='word_1_273' title='bbox 387 2808 449 2858; x_wconf 92' lang='lat' dir='ltr'><strong>itiius</strong></span> <span class='ocrx_word' id='word_1_274' title='bbox 463 2808 609 2870; x_wconf 85' lang='lat' dir='ltr'><strong>latitudinis,</strong></span> <span class='ocrx_word' id='word_1_275' title='bbox 624 2807 723 2869; x_wconf 81' lang='lat' dir='ltr'><strong>aliquem</strong></span> <span class='ocrx_word' id='word_1_276' title='bbox 737 2805 819 2867; x_wconf 75' lang='lat' dir='ltr'><strong>gradun</strong></span> <span class='ocrx_word' id='word_1_277' title='bbox 845 2820 865 2857; x_wconf 77' lang='lat' dir='ltr'><strong>or</strong></span> 
     </span>
     <span class='ocr_line' id='line_1_39' title="bbox 133 2878 962 2942; baseline 0.002 -17"><span class='ocrx_word' id='word_1_278' title='bbox 133 2878 188 2927; x_wconf 85' lang='lat' dir='ltr'><strong>tatis</strong></span> <span class='ocrx_word' id='word_1_279' title='bbox 210 2893 261 2942; x_wconf 78' lang='lat' dir='ltr'><strong>que</strong></span> <span class='ocrx_word' id='word_1_280' title='bbox 278 2880 387 2942; x_wconf 81' lang='lat' dir='ltr'><strong>competit</strong></span> <span class='ocrx_word' id='word_1_281' title='bbox 404 2884 489 2928; x_wconf 84' lang='lat' dir='ltr'><strong>uaturae</strong></span> <span class='ocrx_word' id='word_1_282' title='bbox 503 2878 632 2938; x_wconf 84' lang='lat' dir='ltr'><strong>individui,</strong></span> <span class='ocrx_word' id='word_1_283' title='bbox 644 2883 667 2928; x_wconf 90' lang='lat' dir='ltr'><strong>et</strong></span> <span class='ocrx_word' id='word_1_284' title='bbox 686 2879 713 2928; x_wconf 82' lang='lat' dir='ltr'><strong>ed</strong></span> <span class='ocrx_word' id='word_1_285' title='bbox 731 2878 790 2930; x_wconf 87' lang='lat' dir='ltr'><strong>bano</strong></span> <span class='ocrx_word' id='word_1_286' title='bbox 804 2889 819 2938; x_wconf 88' lang='lat' dir='ltr'><strong>p</strong></span> <span class='ocrx_word' id='word_1_287' title='bbox 853 2881 865 2902; x_wconf 83' lang='lat'><strong>¹·</strong></span> <span class='ocrx_word' id='word_1_288' title='bbox 961 2913 962 2916; x_wconf 62' lang='lat'>,</span> 
     </span>
    </p>
   </div>
   <div class='ocr_carea' id='block_1_5' title="bbox 0 0 989 3314">
    <p class='ocr_par' dir='ltr' id='par_1_9' title="bbox 0 0 989 3314">
     <span class='ocr_line' id='line_1_40' title="bbox 0 0 989 3314; baseline 0 0"><span class='ocrx_word' id='word_1_289' title='bbox 0 0 989 3314; x_wconf 95' lang='lat' dir='ltr'><strong> </strong></span> 
     </span>
    </p>
   </div>
  </div>
 </body>
</html>
