1980 3320
130 196 373 246 nnoonsmrsu,cu1
389 195 490 235 manum
506 197 676 244 maauanrnu.
693 201 746 239 uro.
812 190 840 240 tt

38 276 96 325 tetur
111 273 174 338 quod
186 273 260 324 multt
274 271 374 337 ampliata
386 272 413 323 id
423 272 514 325 alllooro
527 275 617 340 possint
631 275 699 328 nortia
715 278 743 328 do
753 278 838 342 lutuno,

38 347 168 410 juramento
187 345 288 396 firmata.

66 424 88 468 a.
97 419 230 478 Praeterea,
242 417 368 468 secundnm
379 417 520 481 Apostolum,
529 420 564 468 nd
580 419 654 470 Helo.
666 421 695 471 lll
710 434 716 470 :
736 437 749 468 o
762 421 842 472 Omnis

39 488 200 542 controversia
211 488 266 540 tinia
280 489 308 540 ad
318 488 512 540 confirmationem
526 494 560 541 ost
569 493 733 555 juramentum.
746 509 759 540 o
772 493 840 556 Ergo,

40 561 60 611 in
71 561 161 626 judicio
174 561 258 610 saltem
268 599 276 622 ,
287 561 339 625 plus
356 561 460 611 standum
472 564 507 612 osi
520 563 649 626 juramanto
662 563 730 626 quim
743 561 841 628 simplici

40 634 112 684 nerto.
126 632 154 683 Si
163 645 221 696 ergo
232 631 318 695 aliquis
328 631 427 696 simplici
436 633 505 684 narbo
515 635 643 686 consantiat
653 635 677 684 in
688 635 787 699 aliquam
800 650 842 701 por

41 705 102 756 uerba
117 706 150 756 de
166 703 291 768 prasenti,
306 707 429 768 postquam
448 706 590 756 consenserit
601 707 624 756 in
633 707 700 756 aliam
710 719 760 758 cnm
773 706 841 770 jura-

38 781 120 840 mento,
135 790 179 841 por
189 776 263 826 verba
274 776 400 839 defuturo,
409 774 499 826 videtur
511 777 570 842 quod
581 777 785 841 judiciolioolosin
798 780 842 830 do-

38 848 87 898 leat
100 847 214 912 uompelli
223 850 282 897 staro
294 861 344 897 cum
358 847 440 911 prima,
454 852 477 897 at
487 861 533 898 uon
545 863 596 900 onor
607 851 714 900 sormnda.

65 923 88 969 i.
111 921 249 980 Praeteroa,
264 919 332 968 veroa
352 919 380 969 do
401 917 477 970 lutuno
496 918 629 984 simpliciter
649 921 736 986 prolata
754 921 842 974 laniunt

37 993 160 1057 sponsalia.
182 991 231 1042 Sed
247 991 402 1054 juramentum
420 990 453 1040 ibi
473 991 559 1056 aliquid
578 993 767 1058 operatoriam
785 995 841 1044 lacit

39 1065 86 1127 plus
101 1063 174 1128 quam
194 1061 318 1126 sponsalia.
333 1062 377 1112 Sol
391 1063 448 1112 ultra
464 1063 577 1128 sponsalia
588 1077 636 1115 non
651 1067 686 1116 ost
700 1064 744 1115 uisi
758 1065 841 1115 matri-

40 1138 150 1188 monium.
163 1137 225 1198 Ergo
239 1133 293 1184 iacit
302 1133 480 1185 matrimonium.

65 1209 112 1258 Sed
132 1210 229 1269 contra,
243 1207 304 1269 quod
321 1207 423 1256 iutnrnm
441 1211 487 1270 ost,
504 1221 549 1259 non
566 1210 608 1260 ast,
623 1209 667 1258 Sed
686 1208 840 1270 juramentum

39 1280 139 1329 anditum
153 1292 205 1329 non
220 1277 277 1328 lacit
289 1277 345 1341 quin
360 1279 430 1329 verba
441 1279 468 1330 de
479 1279 555 1330 intnro
567 1279 695 1343 significent
705 1292 841 1331 consensum

38 1353 62 1402 rto
77 1353 164 1402 tulino.
180 1351 244 1412 Ergo
264 1351 338 1402 annuo
346 1351 514 1402 matrimonium
524 1365 571 1402 non
583 1355 627 1402 ast.

7 1427 8 1438 ¹
68 1427 204 1484 praterea,
229 1424 351 1486 postquam
374 1421 500 1487 perlectum
523 1426 558 1475 est
589 1422 773 1484 matrimonium,
796 1436 842 1474 uon

42 1500 125 1558 oportet
133 1494 199 1559 quod
210 1493 271 1544 alins
281 1507 406 1544 consensus
414 1494 552 1546 interveniat
559 1496 587 1546 ad
597 1495 775 1547 matrimonium,
784 1495 838 1558 Sed,

46 1571 89 1628 pon
101 1568 280 1631 juramentum,
296 1565 389 1616 aduenit
400 1565 458 1616 alius
477 1579 602 1618 consensus
612 1565 652 1630 qui
672 1567 841 1617 matrimonium

42 1638 103 1702 lacit;
114 1638 174 1688 ali'as
189 1636 273 1688 trustra
284 1636 398 1701 juraretur
410 1637 466 1688 illuri
475 1652 526 1690 osse
538 1639 648 1688 futurum.
659 1637 717 1700 Ergo
730 1651 776 1690 nou
786 1637 841 1688 lauit

43 1708 224 1762 matrimonium.
705 1735 709 1741 ·

73 1785 236 1844 (Concurrsro.
248 1807 278 1816 -
292 1780 421 1832 consensus
435 1795 476 1845 por
485 1781 554 1833 uerba
567 1781 595 1832 (la
609 1781 685 1832 inturo
704 1793 840 1845 expressura,

40 1854 125 1904 nullum
147 1852 222 1904 sitinii
241 1851 426 1914 matrimonium,
441 1852 486 1904 etsi
506 1853 537 1904 sit
558 1852 634 1916 aliquo
653 1853 783 1916 juramento
804 1853 841 1904 tir·

41 1930 121 1976 matus
137 1926 146 1990 )
327 1966 329 1968 .

70 1998 212 2062 Respondeo
222 1996 359 2061 dicendum,
374 1997 434 2060 quid
446 1998 599 2062 paramentum
613 1996 732 2047 adhibetur
745 1998 773 2047 ad
788 2009 842 2046 oon-

42 2071 194 2122 limationem
208 2069 334 2133 dictorum
347 2070 409 2120 nudo
428 2069 484 2120 illud
500 2069 588 2119 tantiam
603 2067 719 2119 confirmat
739 2069 800 2132 quoni
816 2069 841 2118 in

41 2143 108 2192 tionis
123 2137 281 2206 significatur,
291 2153 335 2191 noc
346 2139 494 2204 significatum
510 2144 590 2190 mutat.
602 2141 630 2190 lit
640 2139 701 2204 idon,
712 2138 763 2190 oium
772 2139 841 2190 vorba

40 2215 66 2264 to
79 2215 158 2265 intono
179 2227 210 2264 on
228 2213 278 2277 ipsa
292 2227 334 2265 sua
350 2212 516 2276 significatione
536 2215 634 2264 habeant
651 2213 711 2276 quot
727 2211 842 2261 matrimo-

43 2287 103 2335 nium
125 2298 174 2336 non
195 2284 295 2348 iaciant,
311 2284 364 2350 quia
378 2286 436 2348 quod
454 2285 554 2336 loturum
575 2285 726 2350 promittitur,
741 2284 842 2334 nondum

43 2359 82 2422 tit,
99 2357 196 2409 etiamsi
210 2357 364 2422 juramentum
379 2357 499 2420 adveniat,
514 2358 614 2408 nondum
626 2360 662 2408 est
675 2354 841 2406 matrimonium

44 2432 145 2492 lactum,
160 2429 221 2480 siout
228 2429 337 2492 plagiator
349 2428 376 2478 in
388 2429 463 2480 littera
471 2429 527 2480 dioit
536 2432 584 2496 (lll.
597 2431 718 2486 Santoni„
728 2427 781 2478 dist.
791 2431 841 2489 ἵε).

72 2504 107 2554 nd
126 2502 229 2568 primum
243 2515 296 2565 orgo
311 2501 448 2565 dicandum,
462 2503 522 2566 quid
539 2504 633 2567 implero
646 2502 799 2566 juramentum
815 2502 843 2550 li·

44 2578 125 2639 ritum,
138 2579 175 2628 esi
188 2575 217 2626 de
229 2587 281 2638 pure
297 2573 384 2636 divino,
393 2588 439 2626 non
449 2581 524 2626 auteur
533 2576 626 2640 implore
634 2574 786 2638 iuramentum
799 2573 844 2622 illi-

42 2649 123 2711 oitnm;
134 2647 208 2710 undo,
227 2647 247 2697 si
264 2645 341 2710 aliqua
355 2645 461 2710 obligatio
478 2661 576 2710 sequens
588 2647 754 2710 juramentum,
770 2645 840 2695 iaciat

43 2721 96 2771 illud
109 2719 233 2778 illicitum,
243 2716 295 2768 oium
311 2715 376 2781 prius
388 2717 573 2778 iuissatlioitnm,
584 2731 630 2767 non
644 2719 737 2780 derogat
747 2715 795 2780 juri
808 2715 843 2763 di·

46 2793 99 2844 aino
113 2791 154 2855 qui
166 2791 324 2854 iuramentum
339 2786 402 2852 priius
415 2789 499 2839 lactum
513 2801 560 2838 uon
580 2791 663 2838 sonat.
679 2787 707 2836 ln
720 2787 752 2835 ita
768 2788 803 2834 est
819 2783 843 2834 in

47 2863 176 2927 proposito;
192 2859 274 2912 illicito
289 2858 351 2910 eninr
366 2859 427 2924 jurat
441 2859 480 2923 qui
494 2857 572 2909 illicito
585 2855 706 2920 promittit.
719 2851 845 2904 Promissis

48 2940 122 2988 antona
134 2935 163 2986 oe
177 2932 254 2986 alieno
264 2935 301 2984 ost
309 2930 403 2994 illinita3
413 2931 474 2982 nuto
482 2941 607 2982 consensus
617 2939 714 2989 sequano
726 2937 767 2987 por
778 2920 846 2971 verba
