1998 3326
137 108 171 163 'ei'
291 104 491 173 snrrnnnmernn,
509 111 603 168 eumer.
617 125 662 173 ιιι,
680 107 736 161 nrrr'.
754 125 779 161 ιι.

143 201 146 210 ¹
170 203 201 253 ild
218 201 316 268 primm
336 213 390 264 ergo
407 200 541 262 dicendum,
556 199 615 264 quod
636 212 716 250 sersus
737 203 772 250 esl
794 212 832 250 res
852 193 967 252 dumini'

138 276 248 337 quantum
262 274 288 322 ad
307 285 334 322 ea
345 285 396 334 ιιι
411 270 551 321 naturalitus
562 269 755 334 superadduntur,
771 269 812 320 sed
826 269 952 334 quantum

137 344 167 394 ad
181 343 292 393 naturalie
304 355 383 394 omnes
397 346 451 392 suut
464 353 539 406 pares.
553 341 617 391 Unde
630 340 656 390 iu
669 341 765 404 hisquae
777 340 805 390 ad
822 345 889 391 aetus
898 353 952 392 na-

139 414 223 464 turales
236 413 360 477 pertinent,
373 425 453 464 seruus
468 415 543 477 potest
556 411 629 476 alteri,
640 411 712 463 inuito
725 411 825 474 domino,
836 411 873 462 sui
889 424 953 464 eor·

140 485 201 549 poris
215 487 350 547 potestatem
361 497 402 548 per
411 483 580 533 matrimonium
591 483 701 546 praehere.
738 537 740 543 ,

172 555 206 605 tid
224 555 348 604 secundum
367 554 497 614 dicendum,
509 553 569 616 quod
587 567 666 604 servus
685 553 777 604 domine
792 566 834 604 suo
847 555 953 604 tenetur

141 617 231 674 etenim
244 623 269 672 in
284 621 320 672 his
333 636 383 686 ιιι
397 623 502 673 dominus
513 621 664 685 licitcpotest
678 622 812 686 praecipere.
823 622 890 672 Sicut
902 633 954 672 au-

140 697 186 744 tem
207 692 268 743 licite
289 705 335 743 non
357 695 433 756 potest
456 691 560 743 dominiis
582 692 704 756 praecipere
727 703 792 742 seruo
812 690 873 755 quod
895 703 954 742 non

141 763 244 814 eomedat
259 763 297 812 rel
310 762 421 822 dormiet,
433 762 466 812 ila
480 761 547 812 etiem
561 775 605 812 nee
618 759 678 826 quod
694 761 707 811 a
724 761 870 811 matrimonio
885 773 952 812 corr-

143 834 256 886 tralrendo
269 833 391 884 abstineat·
405 833 503 884 Interest
512 833 574 883 enim
586 833 613 882 ad
621 833 775 896 legislatorem
784 832 882 896 qualiter
890 833 956 894 uui-

141 903 197 955 libet
214 917 237 954 re
246 903 290 954 sui
306 907 391 966 ulatur;
403 906 426 953 et
444 904 512 966 ideo,
524 904 544 953 si
555 903 659 954 dominus
670 902 787 968 precipiat
800 915 867 954 serso
881 902 955 965 qnod

143 987 189 1024 non
208 975 328 1024 contrahat
340 973 516 1037 matrimonium,
530 981 611 1024 servus
623 985 669 1024 uon
681 976 770 1024 tenetur
784 973 876 1024 domiue
888 974 956 1025 olse-

143 1041 201 1096 dire.

149 1147 152 1152 -
176 1113 210 1166 dd
223 1115 315 1166 tertium
330 1115 461 1178 dicendum,
472 1113 570 1178 quidsi
585 1127 667 1165 serres
676 1114 768 1165 uolente
781 1105 873 1162 domino
891 1125 953 1164 ma-

143 1186 274 1238 trimonium
298 1185 451 1246 contraxerit,
469 1190 525 1236 tune
542 1185 611 1236 delet
630 1185 803 1248 pretermittere
822 1183 954 1234 seruitium

143 1257 229 1309 domini
244 1257 393 1322 imperantis,
408 1260 432 1306 et
448 1256 543 1308 reddere
560 1257 660 1307 debilem
675 1259 753 1319 uxori,
769 1255 822 1318 quia
835 1267 879 1318 per
896 1255 954 1306 hee

143 1327 205 1391 quod
219 1328 324 1377 dominus
339 1326 451 1377 concessit
464 1329 490 1376 ut
512 1325 680 1376 matrimonium
695 1337 773 1376 seruus
788 1325 955 1388 contraheret,

144 1397 278 1462 intelligitur
295 1397 317 1447 ei
333 1397 476 1446 concessisse
491 1395 568 1446 omnia
586 1409 638 1459 qum
653 1395 822 1446 matrimonium
835 1393 954 1458 requirit.

145 1467 169 1517 Si
183 1473 259 1518 auteur
269 1466 436 1516 matrimonium
448 1466 566 1529 ignorante
579 1466 615 1516 rel
629 1465 797 1516 contradicente
806 1464 900 1516 domino
910 1469 958 1516 est

145 1541 294 1598 contractum,
307 1549 354 1586 non
365 1539 454 1587 tenetur
472 1535 565 1587 reddere
580 1536 680 1586 debitum
687 1571 695 1598 ,
710 1537 750 1586 sed
759 1534 837 1598 petiis
849 1533 955 1587 domino

146 1607 253 1669 obedire,
269 1607 289 1657 si
307 1612 429 1670 utrumque
447 1605 515 1658 simul
533 1619 585 1657 esse
602 1619 649 1657 non
661 1605 742 1671 possit,
763 1606 807 1656 Sed
818 1611 898 1654 lamen
922 1605 955 1657 iu

146 1679 184 1729 leis
204 1679 275 1729 multa
292 1678 436 1742 particularia
455 1677 591 1729 considerari
602 1679 694 1741 dehent,
709 1677 768 1727 sicut
779 1677 848 1728 etiarn
861 1674 886 1724 ιιι
896 1687 954 1726 om·

147 1749 214 1800 nibus
231 1750 338 1799 humanis
348 1750 446 1811 autibus,
461 1749 548 1799 scilicet
561 1748 687 1812 pericnlum
698 1748 811 1798 eastitatis
824 1745 955 1800 imminens

147 1819 222 1881 uxori,
233 1823 255 1870 et
264 1818 450 1883 impedimentum
462 1819 521 1882 quod
535 1831 563 1868 ex
577 1818 704 1868 redditione
716 1817 785 1868 debiti
798 1815 892 1868 seruilio
902 1815 955 1867 im-

147 1895 227 1954 perato
241 1894 370 1953 generatur,
380 1893 404 1938 et
413 1889 457 1938 alia
471 1888 611 1952 eujusmodi,
624 1888 706 1950 quiens
716 1889 823 1938 omnibus
831 1885 874 1936 rite
886 1899 952 1949 pon-

148 1959 213 2022 satis,
225 1957 323 2022 judicari
335 1958 419 2022 poterit
432 1957 469 2008 oui
481 1958 553 2021 inagis
572 1970 653 2010 seruus
671 1958 762 2010 obedire
774 1961 889 2019 teneatur,
904 1957 954 2009 do-

149 2030 211 2081 miuo
226 2031 262 2081 vel
272 2030 349 2080 uxori.

179 2100 482 2165 loquacissimorum,
498 2099 557 2164 quod
570 2099 594 2150 in
608 2101 647 2152 tali
661 2113 716 2152 casu
726 2099 810 2151 dicitur
825 2097 889 2162 quod
903 2099 955 2150 do·-

148 2171 225 2223 minus
242 2172 357 2236 cogendus
379 2175 416 2222 est
434 2184 463 2222 ue
484 2184 574 2222 servum
595 2168 855 2233 remittenturque
877 2168 955 2222 iaciat

147 2255 219 2295 euera
238 2241 377 2294 matrimonii
388 2242 508 2306 grauiora,
519 2241 633 2308 precipue
647 2243 700 2292 oiim
712 2255 758 2293 non
777 2240 836 2292 desit
850 2239 955 2292 incidias

147 2314 286 2378 ubicumque
299 2325 395 2363 serrum
405 2325 470 2362 suum
484 2313 597 2364 vendendi
607 2314 668 2377 iuste
679 2313 760 2376 pretio.

182 2386 218 2435 ital
227 2385 331 2448 quintum
345 2382 482 2448 dicendum,
493 2383 553 2447 quod
562 2397 604 2448 per
613 2383 745 2447 religionem
754 2381 791 2432 rel
800 2379 888 2430 ordinis
898 2393 955 2431 eus-

149 2455 278 2519 eeptionem
288 2455 371 2520 aliquis
379 2453 491 2518 obligatur
501 2455 585 2506 diuinis
591 2451 825 2519 obsequiisqunuiirm
835 2451 864 2501 ed
871 2454 952 2504 utrm

149 2530 249 2589 tempus,
263 2526 304 2578 sed
313 2527 347 2577 vir
360 2531 452 2579 leuetur
468 2525 571 2577 debitum
584 2526 680 2577 reddere
692 2523 773 2588 uxori,
786 2536 833 2574 non
845 2535 948 2587 semper,

149 2600 191 2649 sed
205 2599 311 2662 congruis
320 2597 509 2664 leuparicus;.et
521 2599 628 2650 ideonon
642 2595 767 2651 erinnis.
782 2595 812 2646 ιιι
824 2596 950 2658 preterea,

149 2667 190 2718 ille
203 2669 242 2733 qui
252 2671 323 2721 intret
335 2671 470 2734 religionem
482 2670 517 2720 uel
534 2668 633 2732 suscipit
647 2667 751 2718 ordinem
757 2703 767 2731 ,
779 2665 864 2729 obligat
877 2677 905 2715 sa
917 2666 951 2716 ed

147 2739 227 2803 aliqua
237 2753 305 2804 opera
319 2755 368 2806 que
377 2741 434 2792 eunt
445 2739 587 2790 naturalibus
594 2737 755 2804 superaddita,
765 2737 792 2788 iu
807 2734 890 2800 numus
906 2735 951 2785 de·

151 2810 228 2862 minus
244 2815 379 2876 potestatem
396 2810 448 2876 ejus
466 2811 544 2872 halet,
554 2813 578 2860 et
594 2809 679 2862 nonin
694 2805 880 2862 namatiusad
897 2817 951 2870 qun
