1936 3306
271 185 303 226 us
318 187 458 228 sorrsaons
474 191 630 230 nonmonmr.
806 185 852 233 359

73 262 284 327 (Gonmmro.-
297 265 470 319 conuenienter
487 269 625 334 Augustinus
639 269 718 334 posuit
735 270 779 321 trin
792 285 853 336 pru-

39 334 111 398 cipua
127 333 232 386 subsidia
245 335 350 387 rivorum
363 351 406 401 pro
419 340 515 390 mortuis
531 355 537 388 :
551 340 714 392 Euehsdstism
727 341 853 405 quidemst

38 406 219 472 eleemosynam
236 409 326 460 ratione
334 411 459 475 marium,
469 425 514 476 qus
528 413 612 463 mortui
626 413 853 464 uirentibusuniun·

40 480 95 539 tur,
111 481 139 528 et
156 477 284 530 mationem
297 479 386 532 ratione
403 481 538 533 intentionis
551 483 643 534 directe
654 485 680 534 in
693 485 822 548 mortuos.)

72 549 218 614 Respondeo
237 549 376 615 dioendom,
390 553 451 617 quod
467 553 573 618 suffragia
588 555 693 607 rivorum
705 561 800 621 prosunt
813 558 854 608 de·

39 621 149 686 innotis,
159 620 286 672 seeundum
297 625 357 686 quod
371 623 482 675 emuntur
494 625 625 678 uirentibus
637 627 747 678 chanuto
754 663 763 692 ‚
779 632 803 680 et
816 641 854 680 se·

40 692 147 744 cumdium
168 694 231 758 quod
244 694 341 746 intemm
353 695 480 747 uiuentium
498 696 569 748 femur
583 697 608 748 in
630 703 745 762 mortuos,
762 702 784 750 et
798 699 852 750 ideo

40 762 81 813 itla
90 777 167 830 opero
177 764 294 830 praecipue
309 770 362 816 nata
375 770 430 817 sunt
439 768 534 818 mortuis
545 767 677 834 suffragari,
690 783 741 834 que
753 770 853 820 maxime

42 836 70 885 ad
87 836 323 888 communicationem
333 839 452 890 ¹eharitatis
465 838 597 906 pertinent,
610 841 649 893 rot
668 843 695 892 ad
707 841 854 892 directionem

41 907 186 960 intentionis
198 908 224 958 in
237 909 342 960 aiterum.
352 911 388 962 nd
399 909 533 962 ohadtutem
545 916 622 964 autem
634 916 798 964 sacromentum
809 913 854 962 Eu·

42 978 165 1030 enanmiae
185 979 300 1044 precipue
314 981 429 1045 pertinet,
438 981 492 1032 edm
510 983 541 1034 sit
557 988 721 1034 sacromentum
734 983 854 1034 ecelesias·

44 1049 98 1102 tioae
113 1049 211 1104 unium
222 1089 229 1115 ,
241 1051 361 1104 eontinens
372 1053 438 1103 illum
452 1054 476 1104 iu
490 1067 536 1118 quo
555 1058 603 1105 tots
622 1055 724 1106 Eoulosie
741 1056 818 1106 unitur
831 1061 855 1106 et

43 1124 221 1186 consolidatur,
235 1124 322 1175 seilicet
344 1125 479 1189 Christum
499 1128 560 1177 unde
580 1126 722 1178 Eucharistiu
738 1131 774 1178 est
791 1127 856 1190 quasi

43 1196 155 1256 quaedam
175 1195 292 1246 oheduus
312 1195 376 1260 origo
390 1198 428 1248 set
444 1198 570 1249 vinculum.
591 1197 637 1248 Sed
656 1197 717 1248 inter
738 1198 854 1249 charitatis

45 1265 145 1316 edoctus
154 1271 190 1316 est
203 1265 343 1332 praecipuum
356 1269 553 1332 eleemosynarum
567 1282 633 1332 opus.
643 1269 672 1318 ut
683 1269 735 1320 ideo
752 1270 795 1320 ista
808 1272 853 1321 duo

46 1349 74 1386 ex
91 1342 162 1400 parte
176 1339 295 1389 ooanutis
304 1339 418 1404 precipue
432 1341 527 1391 mortuis
541 1341 706 1404 suffragantur,
718 1341 855 1392 soitieetsa·

45 1407 163 1458 orificium
171 1409 290 1472 Ecclesiae,
299 1415 323 1461 et
332 1411 492 1476 eleemosyna.
501 1412 546 1463 Sed
560 1425 589 1462 ex
597 1416 661 1478 perte
672 1411 809 1462 intentionis
819 1413 855 1462 di-

47 1485 118 1532 reete
133 1481 160 1534 iu
175 1485 294 1542 mortuos,
306 1483 421 1547 precipue
434 1481 496 1535 velet
508 1484 593 1548 oratio,
609 1484 663 1549 quis
677 1483 751 1535 oratio
768 1497 855 1534 seeun-

48 1549 103 1601 dium
118 1565 186 1602 suam
199 1553 325 1617 rationem,
340 1567 386 1604 non
400 1553 473 1604 solium
490 1553 547 1605 dicit
564 1559 691 1619 respectum
709 1555 855 1606 adorantem

50 1623 131 1688 (siem
145 1625 170 1674 et
188 1629 270 1676 oaetera
283 1637 353 1689 opera
362 1623 438 1690 ),'sed
452 1625 560 1677 directius
571 1627 599 1677 ad
612 1627 677 1676 illum
691 1638 732 1691 pro
745 1639 791 1691 quo
804 1639 853 1678 ora-

49 1698 95 1746 tur.
106 1697 136 1745 Et
145 1695 198 1747 ideo
208 1696 253 1747 ista
266 1696 309 1747 tria
322 1701 438 1762 ponuntur
449 1698 515 1761 quasi
524 1696 637 1763 precipua
653 1701 792 1750 mortuorum
801 1698 855 1750 sub-

50 1767 122 1830 sidia,
137 1767 245 1831 quamdo
256 1779 406 1833 quaestumque
420 1769 465 1820 atie
478 1769 552 1832 hona,
565 1783 615 1834 que
628 1783 659 1820 ex
671 1767 780 1822 enaritate
797 1769 855 1822 fiunt

10 1881 11 1884 ,
49 1851 91 1902 pro
105 1839 238 1904 deionotis,
253 1840 288 1891 eis
301 1840 377 1891 ualere
391 1842 502 1892 credenda
516 1841 571 1892 siut.
711 1881 714 1886 .

83 1911 117 1962 nd
129 1911 229 1976 primurn
242 1925 297 1976 ergo
311 1912 449 1974 diuendm,
462 1911 524 1976 qudd
543 1914 568 1964 iu
584 1925 612 1964 eo
628 1913 669 1978 qui
686 1913 796 1965 sutisisoit
814 1925 854 1978 pro

53 1983 138 2045 altero,
149 1982 223 2047 magis
236 1991 271 2034 est
284 1983 475 2034 oonsideraudum
491 1984 520 2034 ad
532 1985 593 2047 hoo,
606 1985 667 2048 quod
681 1985 777 2037 effeetus
787 1985 854 2036 satis·

53 2053 161 2104 factionis
184 2056 214 2104 ad
236 2054 333 2106 atterum
354 2054 486 2119 perveniat,
499 2055 556 2106 illud
573 2067 618 2118 quo
640 2054 765 2106 satisfactio
785 2054 854 2106 unius

54 2126 135 2178 transit
149 2126 297 2191 inultorum,
311 2126 379 2190 quim
393 2126 463 2176 etism
472 2126 638 2177 satisiuotionis
650 2139 719 2190 poena
729 2143 737 2190 ;
749 2125 854 2189 quanvis

57 2195 104 2262 ipsu
113 2210 183 2261 poene
195 2197 270 2262 magis
280 2197 358 2262 expiet
367 2202 454 2248 rentum
467 2197 644 2260 satisfacientis,
657 2199 805 2261 inquantum
817 2199 854 2250 est

57 2272 157 2332 quaedam
174 2269 294 2322 medicina.
310 2271 339 2320 Et
361 2269 412 2320 ideo
434 2268 479 2320 tria
496 2270 604 2334 pradiote
622 2270 696 2334 magis
712 2269 787 2320 ualent
808 2268 852 2320 de-

58 2341 141 2393 iunetis
155 2342 224 2406 quam
236 2342 358 2406 jejunium.

87 2415 120 2466 dd
142 2415 266 2466 seeundum
288 2413 500 2478 diosndum,qudd
517 2414 586 2466 etiam
609 2413 725 2480 jejunium
747 2415 853 2478 prodesse

58 2490 133 2550 potest
148 2486 264 2539 defunctis
277 2485 363 2538 rationo
376 2485 493 2537 oharitutis
508 2490 532 2536 et
548 2487 682 2539 intentioms
696 2486 721 2536 in
734 2485 853 2537 deiunotos

58 2559 159 2620 directu3
175 2559 214 2609 sed
229 2563 306 2609 tamen
318 2557 433 2622 jejunium
445 2557 470 2608 iu
484 2558 520 2610 sui
531 2559 619 2608 rationo
632 2571 678 2608 non
696 2555 797 2610 eontinet
811 2556 853 2606 ali-
905 2613 914 2629 ,ι

59 2634 111 2698 quid
122 2634 182 2698 quod
193 2633 221 2684 ad
232 2633 365 2684 charitatem
375 2633 414 2684 rel
427 2632 573 2684 directionem
585 2632 717 2684 intentionis
730 2630 852 2697 pertineat,

59 2707 97 2758 sed
115 2707 164 2756 traeo
181 2709 235 2756 sunt
253 2707 277 2757 ei
294 2705 360 2770 quasi
376 2705 514 2755 extrinseca.
529 2705 558 2754 m
575 2705 627 2756 ideo
646 2704 787 2768 Augustinus
805 2716 853 2754 uon

60 2777 143 2841 posuit,
158 2778 199 2829 sed
209 2777 329 2844 Gregorius
342 2776 419 2841 posuit
429 2776 542 2840 jejunium
556 2776 617 2827 inter
630 2776 736 2840 suffragia
749 2778 854 2826 mortuo-

62 2863 118 2900 rum.

93 2923 124 2976 sd
140 2921 231 2975 tertium
243 2922 381 2986 dicendum,
394 2921 455 2986 quod
472 2920 599 2985 baptismus
616 2924 652 2972 est
663 2918 767 2986 quedam
780 2916 849 2982 spiri·
