<?xml version="1.0" encoding="UTF-8"?>
<!DOCTYPE html PUBLIC "-//W3C//DTD XHTML 1.0 Transitional//EN"
    "http://www.w3.org/TR/xhtml1/DTD/xhtml1-transitional.dtd">
<html xmlns="http://www.w3.org/1999/xhtml" xml:lang="en" lang="en">
 <head>
  <title>
</title>
<meta http-equiv="Content-Type" content="text/html;charset=utf-8" />
  <meta name='ocr-system' content='tesseract 3.04.00' />
  <meta name='ocr-capabilities' content='ocr_page ocr_carea ocr_par ocr_line ocrx_word'/>
</head>
<body>
  <div class='ocr_page' id='page_1' title='image "./summatheologica06nicogoog_0272.png"; bbox 0 0 1966 3304; ppageno 0'>
   <div class='ocr_carea' id='block_1_1' title="bbox 127 89 792 144">
    <p class='ocr_par' dir='ltr' id='par_1_1' title="bbox 127 89 792 144">
     <span class='ocr_line' id='line_1_1' title="bbox 127 89 792 144; baseline -0.018 -5"><span class='ocrx_word' id='word_1_1' title='bbox 127 91 174 139; x_wconf 77' lang='lat' dir='ltr'>auu</span> <span class='ocrx_word' id='word_1_2' title='bbox 261 93 465 144; x_wconf 70' lang='lat' dir='ltr'>murmurmurmur,</span> <span class='ocrx_word' id='word_1_3' title='bbox 479 89 574 141; x_wconf 79' lang='lat' dir='ltr'>ponor.</span> <span class='ocrx_word' id='word_1_4' title='bbox 588 91 667 143; x_wconf 73' lang='lat' dir='ltr'>nuru,</span> <span class='ocrx_word' id='word_1_5' title='bbox 682 89 739 132; x_wconf 81' lang='lat' dir='ltr'>nur.</span> <span class='ocrx_word' id='word_1_6' title='bbox 757 89 792 130; x_wconf 84' lang='lat' dir='ltr'>ur.</span> 
     </span>
    </p>
   </div>
   <div class='ocr_carea' id='block_1_2' title="bbox 122 165 967 1459">
    <p class='ocr_par' dir='ltr' id='par_1_2' title="bbox 124 165 932 526">
     <span class='ocr_line' id='line_1_2' title="bbox 125 165 929 240; baseline -0.011 -11"><span class='ocrx_word' id='word_1_7' title='bbox 125 176 184 229; x_wconf 86' lang='lat' dir='ltr'>mitti</span> <span class='ocrx_word' id='word_1_8' title='bbox 192 173 312 240; x_wconf 76' lang='lat' dir='ltr'>dupliciter</span> <span class='ocrx_word' id='word_1_9' title='bbox 322 189 328 224; x_wconf 74' lang='grc' dir='ltr'><em>τ</em></span> <span class='ocrx_word' id='word_1_10' title='bbox 338 185 383 223; x_wconf 89' lang='lat' dir='ltr'>uno</span> <span class='ocrx_word' id='word_1_11' title='bbox 394 171 471 232; x_wconf 87' lang='lat' dir='ltr'>modo,</span> <span class='ocrx_word' id='word_1_12' title='bbox 481 173 575 235; x_wconf 88' lang='lat' dir='ltr'>propter</span> <span class='ocrx_word' id='word_1_13' title='bbox 584 167 674 232; x_wconf 86' lang='lat' dir='ltr'>aliquod</span> <span class='ocrx_word' id='word_1_14' title='bbox 684 167 760 232; x_wconf 83' lang='lat' dir='ltr'>majus</span> <span class='ocrx_word' id='word_1_15' title='bbox 771 165 862 218; x_wconf 85' lang='lat' dir='ltr'>bouum</span> <span class='ocrx_word' id='word_1_16' title='bbox 872 179 929 220; x_wconf 84' lang='lat' dir='ltr'>oon·</span> 
     </span>
     <span class='ocr_line' id='line_1_3' title="bbox 126 238 931 314; baseline -0.012 -12"><span class='ocrx_word' id='word_1_17' title='bbox 126 248 281 314; x_wconf 86' lang='lat' dir='ltr'>sequendum.</span> <span class='ocrx_word' id='word_1_18' title='bbox 290 247 320 296; x_wconf 79' lang='lat' dir='ltr'>lit</span> <span class='ocrx_word' id='word_1_19' title='bbox 329 249 384 296; x_wconf 85' lang='lat' dir='ltr'>tuno</span> <span class='ocrx_word' id='word_1_20' title='bbox 397 241 539 294; x_wconf 79' lang='lat' dir='ltr'>intermissio</span> <span class='ocrx_word' id='word_1_21' title='bbox 549 241 613 292; x_wconf 90' lang='lat' dir='ltr'>illius</span> <span class='ocrx_word' id='word_1_22' title='bbox 622 240 678 292; x_wconf 88' lang='lat' dir='ltr'>boni</span> <span class='ocrx_word' id='word_1_23' title='bbox 686 253 716 291; x_wconf 88' lang='lat' dir='ltr'>ex</span> <span class='ocrx_word' id='word_1_24' title='bbox 728 238 805 290; x_wconf 80' lang='lat' dir='ltr'>ordine</span> <span class='ocrx_word' id='word_1_25' title='bbox 814 240 844 290; x_wconf 87' lang='lat' dir='ltr'>ad</span> <span class='ocrx_word' id='word_1_26' title='bbox 855 242 931 306; x_wconf 85' lang='lat' dir='ltr'>majus</span> 
     </span>
     <span class='ocr_line' id='line_1_4' title="bbox 124 310 929 384; baseline -0.011 -11"><span class='ocrx_word' id='word_1_27' title='bbox 124 321 210 373; x_wconf 86' lang='lat' dir='ltr'>bouum</span> <span class='ocrx_word' id='word_1_28' title='bbox 230 319 311 384; x_wconf 81' lang='lat' dir='ltr'>arripit</span> <span class='ocrx_word' id='word_1_29' title='bbox 326 319 469 369; x_wconf 84' lang='lat' dir='ltr'>honestatem</span> <span class='ocrx_word' id='word_1_30' title='bbox 479 332 486 378; x_wconf 91' lang='grc'>;</span> <span class='ocrx_word' id='word_1_31' title='bbox 497 316 556 367; x_wconf 87' lang='lat' dir='ltr'>siout</span> <span class='ocrx_word' id='word_1_32' title='bbox 576 311 768 363; x_wconf 76' lang='lat' dir='ltr'>intermittebatur</span> <span class='ocrx_word' id='word_1_33' title='bbox 780 310 929 376; x_wconf 74' lang='lat' dir='ltr'>singularibus</span> 
     </span>
     <span class='ocr_line' id='line_1_5' title="bbox 124 383 932 454; baseline -0.011 -10"><span class='ocrx_word' id='word_1_34' title='bbox 124 392 202 444; x_wconf 82' lang='lat' dir='ltr'>uxoris</span> <span class='ocrx_word' id='word_1_35' title='bbox 214 393 311 442; x_wconf 85' lang='lat' dir='ltr'>honeste</span> <span class='ocrx_word' id='word_1_36' title='bbox 324 388 416 440; x_wconf 83' lang='lat' dir='ltr'>dtaoub</span> <span class='ocrx_word' id='word_1_37' title='bbox 426 427 432 452; x_wconf 87' lang='lat'>‚</span> <span class='ocrx_word' id='word_1_38' title='bbox 444 391 537 454; x_wconf 90' lang='lat' dir='ltr'>propter</span> <span class='ocrx_word' id='word_1_39' title='bbox 549 387 634 437; x_wconf 88' lang='lat' dir='ltr'>bonum</span> <span class='ocrx_word' id='word_1_40' title='bbox 645 383 731 450; x_wconf 65' lang='lat' dir='ltr'>prolis„</span> <span class='ocrx_word' id='word_1_41' title='bbox 743 383 793 434; x_wconf 78' lang='lat' dir='ltr'>llio</span> <span class='ocrx_word' id='word_1_42' title='bbox 808 385 877 435; x_wconf 86' lang='lat' dir='ltr'>modu</span> <span class='ocrx_word' id='word_1_43' title='bbox 890 385 932 436; x_wconf 69' lang='lat' dir='ltr'>bo⁴</span> 
     </span>
     <span class='ocr_line' id='line_1_6' title="bbox 125 453 926 526; baseline -0.01 -12"><span class='ocrx_word' id='word_1_44' title='bbox 125 477 179 514; x_wconf 89' lang='lat' dir='ltr'>nurn</span> <span class='ocrx_word' id='word_1_45' title='bbox 189 461 279 526; x_wconf 78' lang='lat' dir='ltr'>aliquod</span> <span class='ocrx_word' id='word_1_46' title='bbox 291 459 458 522; x_wconf 86' lang='lat' dir='ltr'>intermittitur,</span> <span class='ocrx_word' id='word_1_47' title='bbox 467 459 493 509; x_wconf 86' lang='lat' dir='ltr'>ad</span> <span class='ocrx_word' id='word_1_48' title='bbox 504 456 622 507; x_wconf 83' lang='lat' dir='ltr'>uitandum</span> <span class='ocrx_word' id='word_1_49' title='bbox 632 455 708 519; x_wconf 83' lang='lat' dir='ltr'>mujus</span> <span class='ocrx_word' id='word_1_50' title='bbox 718 453 811 506; x_wconf 85' lang='lat' dir='ltr'>malum.</span> <span class='ocrx_word' id='word_1_51' title='bbox 821 454 851 504; x_wconf 88' lang='lat' dir='ltr'>Et</span> <span class='ocrx_word' id='word_1_52' title='bbox 857 458 926 516; x_wconf 85' lang='lat' dir='ltr'>tuuc,</span> 
     </span>
    </p>

    <p class='ocr_par' dir='ltr' id='par_1_3' title="bbox 122 525 967 1459">
     <span class='ocr_line' id='line_1_7' title="bbox 125 525 930 597; baseline -0.01 -11"><span class='ocrx_word' id='word_1_53' title='bbox 125 535 144 586; x_wconf 90' lang='lat' dir='ltr'>si</span> <span class='ocrx_word' id='word_1_54' title='bbox 160 531 293 587; x_wconf 79' lang='lat' dir='ltr'>auctoritate</span> <span class='ocrx_word' id='word_1_55' title='bbox 306 531 408 597; x_wconf 83' lang='lat' dir='ltr'>ejusqui</span> <span class='ocrx_word' id='word_1_56' title='bbox 421 529 552 595; x_wconf 80' lang='lat' dir='ltr'>dispensare</span> <span class='ocrx_word' id='word_1_57' title='bbox 563 531 640 592; x_wconf 83' lang='lat' dir='ltr'>potest</span> <span class='ocrx_word' id='word_1_58' title='bbox 651 528 696 578; x_wconf 88' lang='lat' dir='ltr'>hoo</span> <span class='ocrx_word' id='word_1_59' title='bbox 706 525 759 588; x_wconf 87' lang='lat' dir='ltr'>liat,</span> <span class='ocrx_word' id='word_1_60' title='bbox 769 530 860 578; x_wconf 87' lang='lat' dir='ltr'>reatum</span> <span class='ocrx_word' id='word_1_61' title='bbox 873 528 930 578; x_wconf 90' lang='lat' dir='ltr'>talis</span> 
     </span>
     <span class='ocr_line' id='line_1_8' title="bbox 124 597 932 664; baseline -0.01 -6"><span class='ocrx_word' id='word_1_62' title='bbox 124 606 179 658; x_wconf 91' lang='lat' dir='ltr'>boni</span> <span class='ocrx_word' id='word_1_63' title='bbox 190 603 327 654; x_wconf 82' lang='lat' dir='ltr'>intermissio</span> <span class='ocrx_word' id='word_1_64' title='bbox 340 615 386 654; x_wconf 91' lang='lat' dir='ltr'>nou</span> <span class='ocrx_word' id='word_1_65' title='bbox 400 602 478 664; x_wconf 87' lang='lat' dir='ltr'>habet,</span> <span class='ocrx_word' id='word_1_66' title='bbox 493 601 534 652; x_wconf 91' lang='lat' dir='ltr'>sed</span> <span class='ocrx_word' id='word_1_67' title='bbox 546 601 689 650; x_wconf 80' lang='lat' dir='ltr'>honestatem</span> <span class='ocrx_word' id='word_1_68' title='bbox 703 597 771 649; x_wconf 84' lang='lat' dir='ltr'>etiam</span> <span class='ocrx_word' id='word_1_69' title='bbox 786 610 833 649; x_wconf 91' lang='lat' dir='ltr'>uun</span> <span class='ocrx_word' id='word_1_70' title='bbox 850 598 932 664; x_wconf 82' lang='lat' dir='ltr'>aequi-</span> 
     </span>
     <span class='ocr_line' id='line_1_9' title="bbox 125 670 928 736; baseline -0.006 -8"><span class='ocrx_word' id='word_1_71' title='bbox 125 679 163 729; x_wconf 89' lang='lat' dir='ltr'>rit.</span> <span class='ocrx_word' id='word_1_72' title='bbox 178 677 207 728; x_wconf 86' lang='lat' dir='ltr'>Et</span> <span class='ocrx_word' id='word_1_73' title='bbox 229 675 262 726; x_wconf 86' lang='lat' dir='ltr'>sio</span> <span class='ocrx_word' id='word_1_74' title='bbox 279 673 451 727; x_wconf 79' lang='lat' dir='ltr'>indivisibilitas</span> <span class='ocrx_word' id='word_1_75' title='bbox 467 671 623 735; x_wconf 86' lang='lat' dir='ltr'>matrimonii,</span> <span class='ocrx_word' id='word_1_76' title='bbox 634 670 659 721; x_wconf 90' lang='lat' dir='ltr'>in</span> <span class='ocrx_word' id='word_1_77' title='bbox 676 671 727 736; x_wconf 82' lang='lat' dir='ltr'>lege</span> <span class='ocrx_word' id='word_1_78' title='bbox 748 670 833 736; x_wconf 76' lang='lat' dir='ltr'>llopni,</span> <span class='ocrx_word' id='word_1_79' title='bbox 853 671 928 723; x_wconf 90' lang='lat' dir='ltr'>inter·</span> 
     </span>
     <span class='ocr_line' id='line_1_10' title="bbox 125 741 931 813; baseline -0.006 -14"><span class='ocrx_word' id='word_1_80' title='bbox 125 750 254 800; x_wconf 78' lang='lat' dir='ltr'>mittebatur</span> <span class='ocrx_word' id='word_1_81' title='bbox 273 751 366 813; x_wconf 86' lang='lat' dir='ltr'>propter</span> <span class='ocrx_word' id='word_1_82' title='bbox 384 747 459 811; x_wconf 83' lang='lat' dir='ltr'>majus</span> <span class='ocrx_word' id='word_1_83' title='bbox 472 746 558 796; x_wconf 84' lang='lat' dir='ltr'>malum</span> <span class='ocrx_word' id='word_1_84' title='bbox 574 742 708 804; x_wconf 81' lang='lat' dir='ltr'>uitandum,</span> <span class='ocrx_word' id='word_1_85' title='bbox 723 741 811 793; x_wconf 82' lang='lat' dir='ltr'>seilicet</span> <span class='ocrx_word' id='word_1_86' title='bbox 826 743 931 794; x_wconf 82' lang='lat' dir='ltr'>uxorioi-</span> 
     </span>
     <span class='ocr_line' id='line_1_11' title="bbox 125 811 929 884; baseline -0.005 -13"><span class='ocrx_word' id='word_1_87' title='bbox 125 821 196 874; x_wconf 86' lang='lat' dir='ltr'>dium.</span> <span class='ocrx_word' id='word_1_88' title='bbox 209 820 239 870; x_wconf 83' lang='lat' dir='ltr'>ut</span> <span class='ocrx_word' id='word_1_89' title='bbox 253 819 304 871; x_wconf 86' lang='lat' dir='ltr'>ideo</span> <span class='ocrx_word' id='word_1_90' title='bbox 317 819 492 884; x_wconf 70' lang='lat' dir='ltr'>chrysostomus</span> <span class='ocrx_word' id='word_1_91' title='bbox 502 815 557 867; x_wconf 84' lang='lat' dir='ltr'>dieti</span> <span class='ocrx_word' id='word_1_92' title='bbox 568 812 690 880; x_wconf 83' lang='lat' dir='ltr'>(utsupra)</span> <span class='ocrx_word' id='word_1_93' title='bbox 700 811 762 877; x_wconf 82' lang='lat' dir='ltr'>qudd</span> <span class='ocrx_word' id='word_1_94' title='bbox 777 830 790 861; x_wconf 85' lang='lat' dir='ltr'>n</span> <span class='ocrx_word' id='word_1_95' title='bbox 802 813 816 864; x_wconf 80' lang='lat' dir='ltr'>a</span> <span class='ocrx_word' id='word_1_96' title='bbox 829 819 929 880; x_wconf 86' lang='lat' dir='ltr'>peooato</span> 
     </span>
     <span class='ocr_line' id='line_1_12' title="bbox 123 887 931 958; baseline -0.007 -14"><span class='ocrx_word' id='word_1_97' title='bbox 123 893 220 944; x_wconf 85' lang='lat' dir='ltr'>abstulit</span> <span class='ocrx_word' id='word_1_98' title='bbox 230 894 335 958; x_wconf 84' lang='lat' dir='ltr'>eutpnm;</span> <span class='ocrx_word' id='word_1_99' title='bbox 349 908 362 938; x_wconf 81' lang='lat' dir='ltr'>o</span> <span class='ocrx_word' id='word_1_100' title='bbox 377 889 482 955; x_wconf 85' lang='lat' dir='ltr'>quamvis</span> <span class='ocrx_word' id='word_1_101' title='bbox 498 889 559 939; x_wconf 86' lang='lat' dir='ltr'>onim</span> <span class='ocrx_word' id='word_1_102' title='bbox 578 887 715 938; x_wconf 81' lang='lat' dir='ltr'>inordinatio</span> <span class='ocrx_word' id='word_1_103' title='bbox 732 890 836 937; x_wconf 88' lang='lat' dir='ltr'>maneret</span> <span class='ocrx_word' id='word_1_104' title='bbox 850 887 876 936; x_wconf 91' lang='lat' dir='ltr'>iu</span> <span class='ocrx_word' id='word_1_105' title='bbox 891 901 931 939; x_wconf 85' lang='lat' dir='ltr'>re·</span> 
     </span>
     <span class='ocr_line' id='line_1_13' title="bbox 124 960 932 1030; baseline -0.006 -14"><span class='ocrx_word' id='word_1_106' title='bbox 124 966 202 1030; x_wconf 90' lang='lat' dir='ltr'>pudio,</span> <span class='ocrx_word' id='word_1_107' title='bbox 217 979 246 1015; x_wconf 85' lang='lat' dir='ltr'>ex</span> <span class='ocrx_word' id='word_1_108' title='bbox 257 977 302 1029; x_wconf 87' lang='lat' dir='ltr'>qun</span> <span class='ocrx_word' id='word_1_109' title='bbox 310 966 442 1030; x_wconf 81' lang='lat' dir='ltr'>peceatum</span> <span class='ocrx_word' id='word_1_110' title='bbox 452 960 543 1024; x_wconf 80' lang='lat' dir='ltr'>dieitur,</span> <span class='ocrx_word' id='word_1_111' title='bbox 555 963 633 1010; x_wconf 88' lang='lat' dir='ltr'>tauron</span> <span class='ocrx_word' id='word_1_112' title='bbox 647 961 736 1009; x_wconf 88' lang='lat' dir='ltr'>reatum</span> <span class='ocrx_word' id='word_1_113' title='bbox 746 969 877 1022; x_wconf 76' lang='lat' dir='ltr'>poeunuou</span> <span class='ocrx_word' id='word_1_114' title='bbox 887 961 932 1011; x_wconf 87' lang='lat' dir='ltr'>ba-</span> 
     </span>
     <span class='ocr_line' id='line_1_14' title="bbox 124 1029 931 1101; baseline -0.005 -14"><span class='ocrx_word' id='word_1_115' title='bbox 124 1038 192 1088; x_wconf 88' lang='lat' dir='ltr'>bebat</span> <span class='ocrx_word' id='word_1_116' title='bbox 202 1050 277 1101; x_wconf 84' lang='lat' dir='ltr'>neque</span> <span class='ocrx_word' id='word_1_117' title='bbox 292 1034 422 1101; x_wconf 83' lang='lat' dir='ltr'>temporetis</span> <span class='ocrx_word' id='word_1_118' title='bbox 440 1045 514 1098; x_wconf 86' lang='lat' dir='ltr'>neque</span> <span class='ocrx_word' id='word_1_119' title='bbox 527 1034 661 1097; x_wconf 77' lang='lat' dir='ltr'>perpetuae,</span> <span class='ocrx_word' id='word_1_120' title='bbox 680 1029 704 1080; x_wconf 89' lang='lat' dir='ltr'>in</span> <span class='ocrx_word' id='word_1_121' title='bbox 721 1032 832 1093; x_wconf 82' lang='lat' dir='ltr'>quantum</span> <span class='ocrx_word' id='word_1_122' title='bbox 850 1029 931 1083; x_wconf 85' lang='lat' dir='ltr'>diviua</span> 
     </span>
     <span class='ocr_line' id='line_1_15' title="bbox 123 1099 967 1172; baseline -0.013 -13"><span class='ocrx_word' id='word_1_123' title='bbox 123 1108 295 1172; x_wconf 86' lang='lat' dir='ltr'>dispensatione</span> <span class='ocrx_word' id='word_1_124' title='bbox 308 1107 393 1169; x_wconf 84' lang='lat' dir='ltr'>fiebat,</span> <span class='ocrx_word' id='word_1_125' title='bbox 409 1107 434 1156; x_wconf 90' lang='lat' dir='ltr'>et</span> <span class='ocrx_word' id='word_1_126' title='bbox 454 1105 487 1154; x_wconf 82' lang='lat' dir='ltr'>sio</span> <span class='ocrx_word' id='word_1_127' title='bbox 504 1107 552 1155; x_wconf 86' lang='lat' dir='ltr'>erat</span> <span class='ocrx_word' id='word_1_128' title='bbox 565 1104 595 1153; x_wconf 83' lang='lat' dir='ltr'>ab</span> <span class='ocrx_word' id='word_1_129' title='bbox 606 1115 634 1154; x_wconf 95' lang='lat' dir='ltr'>eo</span> <span class='ocrx_word' id='word_1_130' title='bbox 647 1101 715 1166; x_wconf 82' lang='lat' dir='ltr'>eulpa</span> <span class='ocrx_word' id='word_1_131' title='bbox 731 1102 813 1152; x_wconf 84' lang='lat' dir='ltr'>ablata.</span> <span class='ocrx_word' id='word_1_132' title='bbox 834 1101 864 1152; x_wconf 81' lang='lat' dir='ltr'>Et</span> <span class='ocrx_word' id='word_1_133' title='bbox 876 1099 933 1154; x_wconf 90' lang='lat' dir='ltr'>ideo</span> <span class='ocrx_word' id='word_1_134' title='bbox 966 1123 967 1148; x_wconf 51' lang='lat'><em>³</em></span> 
     </span>
     <span class='ocr_line' id='line_1_16' title="bbox 122 1173 934 1244; baseline -0.015 -13"><span class='ocrx_word' id='word_1_135' title='bbox 122 1181 191 1231; x_wconf 87' lang='lat' dir='ltr'>etiam</span> <span class='ocrx_word' id='word_1_136' title='bbox 202 1180 253 1244; x_wconf 91' lang='lat' dir='ltr'>ipse</span> <span class='ocrx_word' id='word_1_137' title='bbox 262 1178 349 1229; x_wconf 88' lang='lat' dir='ltr'>ibidem</span> <span class='ocrx_word' id='word_1_138' title='bbox 364 1175 419 1228; x_wconf 84' lang='lat' dir='ltr'>dicit</span> <span class='ocrx_word' id='word_1_139' title='bbox 434 1175 494 1240; x_wconf 84' lang='lat' dir='ltr'>quid</span> <span class='ocrx_word' id='word_1_140' title='bbox 504 1193 519 1224; x_wconf 83' lang='lat' dir='ltr'>u</span> <span class='ocrx_word' id='word_1_141' title='bbox 532 1174 668 1240; x_wconf 84' lang='lat' dir='ltr'>permissum</span> <span class='ocrx_word' id='word_1_142' title='bbox 680 1176 717 1224; x_wconf 88' lang='lat' dir='ltr'>est</span> <span class='ocrx_word' id='word_1_143' title='bbox 732 1173 868 1238; x_wconf 81' lang='lat' dir='ltr'>repudium,</span> <span class='ocrx_word' id='word_1_144' title='bbox 882 1188 934 1225; x_wconf 87' lang='lat' dir='ltr'>mn·</span> 
     </span>
     <span class='ocr_line' id='line_1_17' title="bbox 122 1243 967 1317; baseline -0.005 -16"><span class='ocrx_word' id='word_1_145' title='bbox 122 1253 170 1302; x_wconf 88' lang='lat' dir='ltr'>lnnr</span> <span class='ocrx_word' id='word_1_146' title='bbox 187 1251 295 1317; x_wconf 83' lang='lat' dir='ltr'>quidem,</span> <span class='ocrx_word' id='word_1_147' title='bbox 310 1247 501 1310; x_wconf 75' lang='lat' dir='ltr'>umenlioitum3</span> <span class='ocrx_word' id='word_1_148' title='bbox 515 1265 529 1296; x_wconf 83' lang='lat' dir='ltr'>o</span> <span class='ocrx_word' id='word_1_149' title='bbox 544 1247 606 1312; x_wconf 80' lang='lat' dir='ltr'>quod</span> <span class='ocrx_word' id='word_1_150' title='bbox 624 1245 718 1309; x_wconf 86' lang='lat' dir='ltr'>quidem</span> <span class='ocrx_word' id='word_1_151' title='bbox 728 1243 762 1295; x_wconf 94' lang='lat' dir='ltr'>illi</span> <span class='ocrx_word' id='word_1_152' title='bbox 774 1244 815 1310; x_wconf 85' lang='lat' dir='ltr'>qui</span> <span class='ocrx_word' id='word_1_153' title='bbox 830 1248 886 1295; x_wconf 88' lang='lat' dir='ltr'>sunt</span> <span class='ocrx_word' id='word_1_154' title='bbox 904 1248 934 1297; x_wconf 88' lang='lat' dir='ltr'>de</span> <span class='ocrx_word' id='word_1_155' title='bbox 966 1249 967 1296; x_wconf 71' lang='grc' dir='ltr'><strong>ξ</strong></span> 
     </span>
     <span class='ocr_line' id='line_1_18' title="bbox 122 1315 967 1388; baseline -0.008 -14"><span class='ocrx_word' id='word_1_156' title='bbox 122 1323 196 1388; x_wconf 87' lang='lat' dir='ltr'>prima</span> <span class='ocrx_word' id='word_1_157' title='bbox 208 1321 334 1387; x_wconf 88' lang='lat' dir='ltr'>opinione,</span> <span class='ocrx_word' id='word_1_158' title='bbox 348 1320 450 1372; x_wconf 84' lang='lat' dir='ltr'>releruut</span> <span class='ocrx_word' id='word_1_159' title='bbox 474 1319 503 1370; x_wconf 87' lang='lat' dir='ltr'>ad</span> <span class='ocrx_word' id='word_1_160' title='bbox 521 1319 566 1370; x_wconf 88' lang='lat' dir='ltr'>hoo</span> <span class='ocrx_word' id='word_1_161' title='bbox 578 1316 667 1370; x_wconf 83' lang='lat' dir='ltr'>tantum</span> <span class='ocrx_word' id='word_1_162' title='bbox 689 1315 750 1381; x_wconf 80' lang='lat' dir='ltr'>quta</span> <span class='ocrx_word' id='word_1_163' title='bbox 765 1328 813 1367; x_wconf 86' lang='lat' dir='ltr'>uon</span> <span class='ocrx_word' id='word_1_164' title='bbox 831 1315 935 1368; x_wconf 88' lang='lat' dir='ltr'>babebat</span> <span class='ocrx_word' id='word_1_165' title='bbox 966 1371 967 1374; x_wconf 8' lang='grc' dir='ltr'><strong>Ἴ</strong></span> 
     </span>
     <span class='ocr_line' id='line_1_19' title="bbox 125 1392 460 1459; baseline -0.018 -13"><span class='ocrx_word' id='word_1_166' title='bbox 125 1399 215 1448; x_wconf 86' lang='lat' dir='ltr'>reatum</span> <span class='ocrx_word' id='word_1_167' title='bbox 232 1392 364 1459; x_wconf 88' lang='lat' dir='ltr'>temporalis</span> <span class='ocrx_word' id='word_1_168' title='bbox 377 1403 460 1458; x_wconf 80' lang='lat' dir='ltr'>poenan.</span> 
     </span>
    </p>
   </div>
   <div class='ocr_carea' id='block_1_3' title="bbox 414 1566 746 1624">
    <p class='ocr_par' dir='ltr' id='par_1_4' title="bbox 414 1566 746 1624">
     <span class='ocr_line' id='line_1_20' title="bbox 414 1566 746 1624; baseline -0.018 0"><span class='ocrx_word' id='word_1_169' title='bbox 414 1566 580 1624; x_wconf 73' lang='lat' dir='ltr'>laricanus</span> <span class='ocrx_word' id='word_1_170' title='bbox 600 1569 639 1622; x_wconf 87' lang='lat' dir='ltr'>IV.</span> <span class='ocrx_word' id='word_1_171' title='bbox 743 1596 746 1600; x_wconf 93' lang='lat'>·</span> 
     </span>
    </p>
   </div>
   <div class='ocr_carea' id='block_1_4' title="bbox 198 1695 867 1756">
    <p class='ocr_par' dir='ltr' id='par_1_5' title="bbox 198 1695 867 1756">
     <span class='ocr_line' id='line_1_21' title="bbox 198 1695 867 1756; baseline -0.007 -8"><span class='ocrx_word' id='word_1_172' title='bbox 198 1703 284 1748; x_wconf 80' lang='lat' dir='ltr'>Utrrtm</span> <span class='ocrx_word' id='word_1_173' title='bbox 294 1701 365 1748; x_wconf 83' lang='lat' dir='ltr'>liceat</span> <span class='ocrx_word' id='word_1_174' title='bbox 375 1700 447 1746; x_wconf 75' lang='lat' dir='ltr'>uxori</span> <span class='ocrx_word' id='word_1_175' title='bbox 457 1697 588 1756; x_wconf 74' lang='lat' dir='ltr'>repudiato</span> <span class='ocrx_word' id='word_1_176' title='bbox 597 1697 674 1742; x_wconf 83' lang='lat' dir='ltr'>ultum</span> <span class='ocrx_word' id='word_1_177' title='bbox 682 1695 762 1743; x_wconf 76' lang='lat' dir='ltr'>vinnom</span> <span class='ocrx_word' id='word_1_178' title='bbox 772 1697 867 1743; x_wconf 82' lang='lat' dir='ltr'>dobere.</span> 
     </span>
    </p>
   </div>
   <div class='ocr_carea' id='block_1_5' title="bbox 121 1822 966 2893">
    <p class='ocr_par' dir='ltr' id='par_1_6' title="bbox 122 1822 936 2185">
     <span class='ocr_line' id='line_1_22' title="bbox 158 1822 936 1893; baseline -0.01 -13"><span class='ocrx_word' id='word_1_179' title='bbox 158 1829 191 1880; x_wconf 76' lang='lat' dir='ltr'>td</span> <span class='ocrx_word' id='word_1_180' title='bbox 205 1831 309 1893; x_wconf 87' lang='lat' dir='ltr'>quartum</span> <span class='ocrx_word' id='word_1_181' title='bbox 331 1827 365 1878; x_wconf 88' lang='lat' dir='ltr'>sie</span> <span class='ocrx_word' id='word_1_182' title='bbox 378 1827 517 1892; x_wconf 86' lang='lat' dir='ltr'>proceditur.</span> <span class='ocrx_word' id='word_1_183' title='bbox 535 1824 632 1876; x_wconf 89' lang='lat' dir='ltr'>Videtur</span> <span class='ocrx_word' id='word_1_184' title='bbox 642 1822 704 1888; x_wconf 81' lang='lat' dir='ltr'>quun</span> <span class='ocrx_word' id='word_1_185' title='bbox 717 1823 799 1876; x_wconf 80' lang='lat' dir='ltr'>liceret</span> <span class='ocrx_word' id='word_1_186' title='bbox 813 1825 881 1875; x_wconf 88' lang='lat' dir='ltr'>uxori</span> <span class='ocrx_word' id='word_1_187' title='bbox 898 1841 936 1878; x_wconf 86' lang='lat' dir='ltr'>re.</span> 
     </span>
     <span class='ocr_line' id='line_1_23' title="bbox 124 1894 933 1968; baseline -0.005 -16"><span class='ocrx_word' id='word_1_188' title='bbox 124 1899 223 1968; x_wconf 79' lang='lat' dir='ltr'>podiatae</span> <span class='ocrx_word' id='word_1_189' title='bbox 237 1899 305 1950; x_wconf 90' lang='lat' dir='ltr'>alium</span> <span class='ocrx_word' id='word_1_190' title='bbox 321 1898 395 1948; x_wconf 81' lang='lat' dir='ltr'>uirum</span> <span class='ocrx_word' id='word_1_191' title='bbox 407 1899 500 1950; x_wconf 84' lang='lat' dir='ltr'>babere.</span> <span class='ocrx_word' id='word_1_192' title='bbox 516 1896 574 1956; x_wconf 82' lang='lat' dir='ltr'>Quia</span> <span class='ocrx_word' id='word_1_193' title='bbox 587 1895 613 1946; x_wconf 91' lang='lat' dir='ltr'>iu</span> <span class='ocrx_word' id='word_1_194' title='bbox 633 1895 727 1960; x_wconf 80' lang='lat' dir='ltr'>repudio</span> <span class='ocrx_word' id='word_1_195' title='bbox 739 1894 812 1960; x_wconf 71' lang='lat' dir='ltr'>magis</span> <span class='ocrx_word' id='word_1_196' title='bbox 825 1899 876 1948; x_wconf 89' lang='lat' dir='ltr'>erat</span> <span class='ocrx_word' id='word_1_197' title='bbox 885 1897 933 1948; x_wconf 89' lang='lat' dir='ltr'>iui-</span> 
     </span>
     <span class='ocr_line' id='line_1_24' title="bbox 122 1966 933 2040; baseline -0.006 -15"><span class='ocrx_word' id='word_1_198' title='bbox 122 1975 198 2040; x_wconf 85' lang='lat' dir='ltr'>quitas</span> <span class='ocrx_word' id='word_1_199' title='bbox 211 1971 254 2022; x_wconf 87' lang='lat' dir='ltr'>riri</span> <span class='ocrx_word' id='word_1_200' title='bbox 266 1969 423 2034; x_wconf 84' lang='lat' dir='ltr'>repudiantis,</span> <span class='ocrx_word' id='word_1_201' title='bbox 439 1969 507 2033; x_wconf 79' lang='lat' dir='ltr'>quim</span> <span class='ocrx_word' id='word_1_202' title='bbox 521 1967 599 2019; x_wconf 84' lang='lat' dir='ltr'>uxoris</span> <span class='ocrx_word' id='word_1_203' title='bbox 623 1966 758 2031; x_wconf 77' lang='lat' dir='ltr'>repudiate.</span> <span class='ocrx_word' id='word_1_204' title='bbox 777 1967 823 2017; x_wconf 85' lang='lat' dir='ltr'>Sed</span> <span class='ocrx_word' id='word_1_205' title='bbox 838 1967 874 2019; x_wconf 84' lang='lat' dir='ltr'>uir</span> <span class='ocrx_word' id='word_1_206' title='bbox 886 1981 933 2034; x_wconf 91' lang='lat' dir='ltr'>po-</span> 
     </span>
     <span class='ocr_line' id='line_1_25' title="bbox 122 2037 934 2106; baseline -0.007 -9"><span class='ocrx_word' id='word_1_207' title='bbox 122 2049 181 2098; x_wconf 84' lang='lat' dir='ltr'>terat</span> <span class='ocrx_word' id='word_1_208' title='bbox 197 2044 246 2094; x_wconf 89' lang='lat' dir='ltr'>siue</span> <span class='ocrx_word' id='word_1_209' title='bbox 261 2043 354 2106; x_wconf 86' lang='lat' dir='ltr'>peeoatu</span> <span class='ocrx_word' id='word_1_210' title='bbox 377 2041 445 2091; x_wconf 86' lang='lat' dir='ltr'>aliam</span> <span class='ocrx_word' id='word_1_211' title='bbox 467 2041 548 2090; x_wconf 83' lang='lat' dir='ltr'>ducere</span> <span class='ocrx_word' id='word_1_212' title='bbox 561 2049 667 2090; x_wconf 86' lang='lat' dir='ltr'>uxorem.</span> <span class='ocrx_word' id='word_1_213' title='bbox 684 2037 743 2102; x_wconf 74' lang='lat' dir='ltr'>lingo</span> <span class='ocrx_word' id='word_1_214' title='bbox 762 2042 787 2089; x_wconf 89' lang='lat' dir='ltr'>et</span> <span class='ocrx_word' id='word_1_215' title='bbox 806 2051 866 2089; x_wconf 87' lang='lat' dir='ltr'>uxor</span> <span class='ocrx_word' id='word_1_216' title='bbox 881 2040 934 2091; x_wconf 91' lang='lat' dir='ltr'>sino</span> 
     </span>
     <span class='ocr_line' id='line_1_26' title="bbox 123 2113 609 2185; baseline -0.019 -15"><span class='ocrx_word' id='word_1_217' title='bbox 123 2121 216 2185; x_wconf 79' lang='lat' dir='ltr'>peceato</span> <span class='ocrx_word' id='word_1_218' title='bbox 234 2114 304 2166; x_wconf 81' lang='lat' dir='ltr'>aliurn</span> <span class='ocrx_word' id='word_1_219' title='bbox 322 2113 399 2164; x_wconf 83' lang='lat' dir='ltr'>virum</span> <span class='ocrx_word' id='word_1_220' title='bbox 416 2113 498 2163; x_wconf 79' lang='lat' dir='ltr'>ducere</span> <span class='ocrx_word' id='word_1_221' title='bbox 511 2115 609 2177; x_wconf 88' lang='lat' dir='ltr'>poterat.</span> 
     </span>
    </p>

    <p class='ocr_par' dir='ltr' id='par_1_7' title="bbox 121 2181 966 2536">
     <span class='ocr_line' id='line_1_27' title="bbox 152 2181 926 2249; baseline -0.005 -9"><span class='ocrx_word' id='word_1_222' title='bbox 152 2195 176 2240; x_wconf 74' lang='lat' dir='ltr'>a.</span> <span class='ocrx_word' id='word_1_223' title='bbox 188 2190 316 2246; x_wconf 85' lang='lat' dir='ltr'>Praetereu,</span> <span class='ocrx_word' id='word_1_224' title='bbox 332 2185 472 2249; x_wconf 73' lang='lat' dir='ltr'>Augustinus</span> <span class='ocrx_word' id='word_1_225' title='bbox 494 2184 547 2234; x_wconf 82' lang='lat' dir='ltr'>dieii</span> <span class='ocrx_word' id='word_1_226' title='bbox 563 2183 591 2234; x_wconf 90' lang='lat' dir='ltr'>de</span> <span class='ocrx_word' id='word_1_227' title='bbox 611 2181 699 2233; x_wconf 87' lang='lat' dir='ltr'>duabus</span> <span class='ocrx_word' id='word_1_228' title='bbox 721 2181 847 2246; x_wconf 86' lang='lat' dir='ltr'>uxoribus,</span> <span class='ocrx_word' id='word_1_229' title='bbox 862 2185 926 2248; x_wconf 84' lang='lat' dir='ltr'>qudd</span> 
     </span>
     <span class='ocr_line' id='line_1_28' title="bbox 122 2254 966 2324; baseline -0.001 -16"><span class='ocrx_word' id='word_1_230' title='bbox 122 2260 234 2324; x_wconf 86' lang='lat' dir='ltr'>«quando</span> <span class='ocrx_word' id='word_1_231' title='bbox 253 2269 304 2306; x_wconf 90' lang='lat' dir='ltr'>mos</span> <span class='ocrx_word' id='word_1_232' title='bbox 318 2259 380 2317; x_wconf 87' lang='lat' dir='ltr'>erat,</span> <span class='ocrx_word' id='word_1_233' title='bbox 394 2259 514 2319; x_wconf 84' lang='lat' dir='ltr'>peceatum</span> <span class='ocrx_word' id='word_1_234' title='bbox 526 2267 573 2306; x_wconf 90' lang='lat' dir='ltr'>uon</span> <span class='ocrx_word' id='word_1_235' title='bbox 588 2257 646 2306; x_wconf 88' lang='lat' dir='ltr'>erat.</span> <span class='ocrx_word' id='word_1_236' title='bbox 662 2254 735 2305; x_wconf 80' lang='lat' dir='ltr'>»Sed</span> <span class='ocrx_word' id='word_1_237' title='bbox 748 2255 853 2319; x_wconf 85' lang='lat' dir='ltr'>temporo</span> <span class='ocrx_word' id='word_1_238' title='bbox 870 2257 930 2320; x_wconf 80' lang='lat' dir='ltr'>legis</span> <span class='ocrx_word' id='word_1_239' title='bbox 965 2263 966 2266; x_wconf 75' lang='grc'>’</span> 
     </span>
     <span class='ocr_line' id='line_1_29' title="bbox 121 2325 930 2392; baseline 0 -12"><span class='ocrx_word' id='word_1_240' title='bbox 121 2331 205 2382; x_wconf 83' lang='lat' dir='ltr'>ueteris</span> <span class='ocrx_word' id='word_1_241' title='bbox 214 2331 263 2381; x_wconf 88' lang='lat' dir='ltr'>erat</span> <span class='ocrx_word' id='word_1_242' title='bbox 276 2327 331 2378; x_wconf 85' lang='lat' dir='ltr'>tulis</span> <span class='ocrx_word' id='word_1_243' title='bbox 348 2327 497 2390; x_wconf 80' lang='lat' dir='ltr'>eonsuetudo‚</span> <span class='ocrx_word' id='word_1_244' title='bbox 512 2327 572 2392; x_wconf 88' lang='lat' dir='ltr'>qndd</span> <span class='ocrx_word' id='word_1_245' title='bbox 584 2326 705 2392; x_wconf 86' lang='lat' dir='ltr'>repudiata</span> <span class='ocrx_word' id='word_1_246' title='bbox 719 2325 787 2376; x_wconf 91' lang='lat' dir='ltr'>alium</span> <span class='ocrx_word' id='word_1_247' title='bbox 797 2327 872 2378; x_wconf 84' lang='lat' dir='ltr'>rtrum</span> <span class='ocrx_word' id='word_1_248' title='bbox 885 2330 930 2380; x_wconf 81' lang='lat' dir='ltr'>du-</span> 
     </span>
     <span class='ocr_line' id='line_1_30' title="bbox 122 2397 925 2466; baseline 0 -14"><span class='ocrx_word' id='word_1_249' title='bbox 122 2403 199 2466; x_wconf 81' lang='lat' dir='ltr'>cebat,</span> <span class='ocrx_word' id='word_1_250' title='bbox 210 2406 237 2452; x_wconf 89' lang='lat' dir='ltr'>ut</span> <span class='ocrx_word' id='word_1_251' title='bbox 246 2403 311 2465; x_wconf 88' lang='lat' dir='ltr'>patet</span> <span class='ocrx_word' id='word_1_252' title='bbox 326 2401 412 2452; x_wconf 80' lang='lat' dir='ltr'>Dent..</span> <span class='ocrx_word' id='word_1_253' title='bbox 421 2399 491 2450; x_wconf 83' lang='lat' dir='ltr'>XXIV</span> <span class='ocrx_word' id='word_1_254' title='bbox 505 2397 608 2460; x_wconf 68' lang='lat' dir='ltr'>zacono,</span> <span class='ocrx_word' id='word_1_255' title='bbox 625 2409 726 2462; x_wconf 83' lang='lat' dir='ltr'>egressa,</span> <span class='ocrx_word' id='word_1_256' title='bbox 737 2399 834 2448; x_wconf 89' lang='lat' dir='ltr'>alterum</span> <span class='ocrx_word' id='word_1_257' title='bbox 848 2401 925 2452; x_wconf 83' lang='lat' dir='ltr'>uirum</span> 
     </span>
     <span class='ocr_line' id='line_1_31' title="bbox 123 2468 927 2536; baseline 0 -12"><span class='ocrx_word' id='word_1_258' title='bbox 123 2473 227 2536; x_wconf 85' lang='lat' dir='ltr'>duxerit,</span> <span class='ocrx_word' id='word_1_259' title='bbox 238 2489 252 2521; x_wconf 83' lang='lat' dir='ltr'>n</span> <span class='ocrx_word' id='word_1_260' title='bbox 263 2477 306 2522; x_wconf 87' lang='lat' dir='ltr'>eto.</span> <span class='ocrx_word' id='word_1_261' title='bbox 321 2472 381 2535; x_wconf 81' lang='lat' dir='ltr'>Ergo</span> <span class='ocrx_word' id='word_1_262' title='bbox 391 2483 449 2521; x_wconf 86' lang='lat' dir='ltr'>uxor</span> <span class='ocrx_word' id='word_1_263' title='bbox 461 2483 508 2522; x_wconf 85' lang='lat' dir='ltr'>nou</span> <span class='ocrx_word' id='word_1_264' title='bbox 522 2473 602 2535; x_wconf 85' lang='lat' dir='ltr'>pecual</span> <span class='ocrx_word' id='word_1_265' title='bbox 616 2468 682 2521; x_wconf 86' lang='lat' dir='ltr'>alteri</span> <span class='ocrx_word' id='word_1_266' title='bbox 696 2469 747 2520; x_wconf 85' lang='lat' dir='ltr'>uiro</span> <span class='ocrx_word' id='word_1_267' title='bbox 760 2481 785 2520; x_wconf 89' lang='lat' dir='ltr'>se</span> <span class='ocrx_word' id='word_1_268' title='bbox 798 2471 927 2535; x_wconf 75' lang='lat' dir='ltr'>jungendo.</span> 
     </span>
    </p>

    <p class='ocr_par' dir='ltr' id='par_1_8' title="bbox 123 2539 966 2893">
     <span class='ocr_line' id='line_1_32' title="bbox 155 2539 966 2607; baseline 0.004 -15"><span class='ocrx_word' id='word_1_269' title='bbox 155 2548 178 2594; x_wconf 85' lang='lat' dir='ltr'>o.</span> <span class='ocrx_word' id='word_1_270' title='bbox 193 2542 440 2607; x_wconf 73' lang='lat' dir='ltr'>Praeterea‚dlottd.,</span> <span class='ocrx_word' id='word_1_271' title='bbox 456 2543 491 2605; x_wconf 83' lang='lat' dir='ltr'>V,</span> <span class='ocrx_word' id='word_1_272' title='bbox 504 2541 614 2593; x_wconf 82' lang='lat' dir='ltr'>Dominus</span> <span class='ocrx_word' id='word_1_273' title='bbox 633 2539 746 2606; x_wconf 85' lang='lat' dir='ltr'>justitiam</span> <span class='ocrx_word' id='word_1_274' title='bbox 769 2542 824 2593; x_wconf 83' lang='lat' dir='ltr'>novi</span> <span class='ocrx_word' id='word_1_275' title='bbox 843 2544 926 2595; x_wconf 86' lang='lat' dir='ltr'>Testa-</span> <span class='ocrx_word' id='word_1_276' title='bbox 965 2595 966 2602; x_wconf 66' lang='grc'>,</span> 
     </span>
     <span class='ocr_line' id='line_1_33' title="bbox 123 2609 966 2680; baseline 0.001 -14"><span class='ocrx_word' id='word_1_277' title='bbox 123 2615 195 2666; x_wconf 90' lang='lat' dir='ltr'>menti</span> <span class='ocrx_word' id='word_1_278' title='bbox 218 2615 317 2665; x_wconf 85' lang='lat' dir='ltr'>ostendit</span> <span class='ocrx_word' id='word_1_279' title='bbox 338 2615 561 2680; x_wconf 82' lang='lat' dir='ltr'>superabundantem</span> <span class='ocrx_word' id='word_1_280' title='bbox 579 2626 632 2664; x_wconf 86' lang='lat' dir='ltr'>esse</span> <span class='ocrx_word' id='word_1_281' title='bbox 645 2617 750 2678; x_wconf 86' lang='lat' dir='ltr'>respectu</span> <span class='ocrx_word' id='word_1_282' title='bbox 771 2614 871 2679; x_wconf 77' lang='lat' dir='ltr'>justitian</span> <span class='ocrx_word' id='word_1_283' title='bbox 887 2629 927 2668; x_wconf 87' lang='lat' dir='ltr'>ve·</span> <span class='ocrx_word' id='word_1_284' title='bbox 965 2609 966 2628; x_wconf 64' lang='lat'>¹</span> 
     </span>
     <span class='ocr_line' id='line_1_34' title="bbox 123 2681 952 2750; baseline 0.004 -13"><span class='ocrx_word' id='word_1_285' title='bbox 123 2687 179 2737; x_wconf 79' lang='lat' dir='ltr'>teris</span> <span class='ocrx_word' id='word_1_286' title='bbox 188 2686 338 2738; x_wconf 82' lang='lat' dir='ltr'>Testamenti.</span> <span class='ocrx_word' id='word_1_287' title='bbox 348 2687 399 2738; x_wconf 78' lang='lat' dir='ltr'>lior</span> <span class='ocrx_word' id='word_1_288' title='bbox 410 2689 485 2737; x_wconf 85' lang='lat' dir='ltr'>autem</span> <span class='ocrx_word' id='word_1_289' title='bbox 499 2685 554 2736; x_wconf 79' lang='lat' dir='ltr'>dicit</span> <span class='ocrx_word' id='word_1_290' title='bbox 566 2687 595 2736; x_wconf 88' lang='lat' dir='ltr'>ad</span> <span class='ocrx_word' id='word_1_291' title='bbox 603 2685 700 2750; x_wconf 75' lang='lat' dir='ltr'>justitio</span> <span class='ocrx_word' id='word_1_292' title='bbox 713 2685 769 2738; x_wconf 88' lang='lat' dir='ltr'>noui</span> <span class='ocrx_word' id='word_1_293' title='bbox 784 2687 926 2740; x_wconf 82' lang='lat' dir='ltr'>Testamenti</span> <span class='ocrx_word' id='word_1_294' title='bbox 945 2681 952 2690; x_wconf 76' lang='grc'><strong>”</strong></span> 
     </span>
     <span class='ocr_line' id='line_1_35' title="bbox 124 2755 926 2823; baseline 0.005 -14"><span class='ocrx_word' id='word_1_295' title='bbox 124 2757 353 2820; x_wconf 86' lang='lat' dir='ltr'>superabundantiam</span> <span class='ocrx_word' id='word_1_296' title='bbox 367 2758 481 2823; x_wconf 87' lang='lat' dir='ltr'>pertinere</span> <span class='ocrx_word' id='word_1_297' title='bbox 489 2796 498 2822; x_wconf 68' lang='lat'><em>„</em></span> <span class='ocrx_word' id='word_1_298' title='bbox 512 2755 573 2821; x_wconf 83' lang='lat' dir='ltr'>qubd</span> <span class='ocrx_word' id='word_1_299' title='bbox 592 2769 651 2806; x_wconf 86' lang='lat' dir='ltr'>uror</span> <span class='ocrx_word' id='word_1_300' title='bbox 668 2758 787 2821; x_wconf 85' lang='lat' dir='ltr'>repudiata</span> <span class='ocrx_word' id='word_1_301' title='bbox 800 2771 847 2816; x_wconf 89' lang='lat' dir='ltr'>nup</span> <span class='ocrx_word' id='word_1_302' title='bbox 862 2759 926 2812; x_wconf 88' lang='lat' dir='ltr'>duoit</span> 
     </span>
     <span class='ocr_line' id='line_1_36' title="bbox 125 2826 687 2893; baseline -0.002 -13"><span class='ocrx_word' id='word_1_303' title='bbox 125 2829 223 2880; x_wconf 90' lang='lat' dir='ltr'>alterurn</span> <span class='ocrx_word' id='word_1_304' title='bbox 234 2826 318 2880; x_wconf 80' lang='lat' dir='ltr'>uirum.</span> <span class='ocrx_word' id='word_1_305' title='bbox 332 2830 393 2893; x_wconf 72' lang='lat' dir='ltr'>liupo</span> <span class='ocrx_word' id='word_1_306' title='bbox 409 2831 435 2882; x_wconf 88' lang='lat' dir='ltr'>in</span> <span class='ocrx_word' id='word_1_307' title='bbox 446 2829 518 2882; x_wconf 81' lang='lat' dir='ltr'>ueteri</span> <span class='ocrx_word' id='word_1_308' title='bbox 531 2829 581 2892; x_wconf 75' lang='lat' dir='ltr'>lege</span> <span class='ocrx_word' id='word_1_309' title='bbox 595 2827 687 2882; x_wconf 79' lang='lat' dir='ltr'>ineunt</span> 
     </span>
    </p>
   </div>
   <div class='ocr_carea' id='block_1_6' title="bbox 0 0 988 3304">
    <p class='ocr_par' dir='ltr' id='par_1_9' title="bbox 0 0 988 3304">
     <span class='ocr_line' id='line_1_37' title="bbox 0 0 988 3304; baseline 0 0"><span class='ocrx_word' id='word_1_310' title='bbox 0 0 988 3304; x_wconf 95' lang='lat' dir='ltr'> </span> 
     </span>
    </p>
   </div>
  </div>
 </body>
</html>
