1948 3312
215 105 246 145 Μ
260 105 355 146 vision
369 107 461 147 omna
476 111 608 162 tsemtu,
625 113 680 152 HC.
796 115 841 170 611

32 184 58 233 et
72 179 113 231 sic
137 180 210 242 nene,
224 179 275 231 cim
287 182 319 233 sit
334 183 450 246 infinitae,
465 189 499 236 eet
514 199 581 250 super
597 189 672 239 omnia
688 188 843 243 embolia.»

33 253 101 316 Ergo
117 252 177 314 ejus
186 265 232 302 non
241 255 276 303 eet
284 253 397 317 cognitio,
406 257 444 306 eei
455 260 491 306 eet
504 267 572 322 snper
580 271 669 310 ornnem
681 262 841 325 cognitionem.

67 327 95 372 8.
114 323 380 388 praenominamus
393 325 418 374 in
434 326 454 374 l.
471 329 505 377 De
521 331 627 393 myctica
643 331 771 396 Theolopio
779 368 789 393 ,
803 346 841 384 oe·

33 393 195 456 tenditqnbd
209 393 410 457 «perlectiseirnne
422 398 501 448 moins
511 413 556 462 qno
566 399 694 454 intellectos
703 408 782 454 noster
796 405 842 456 ileo

32 463 160 530 conjungi
168 467 295 528 potest,eet
304 466 327 516 in
337 471 444 530 montom
454 469 598 533 conjungitur
608 473 631 522 ei
639 477 664 523 nt
672 474 758 537 ignoto.
771 475 841 525 »secl

33 535 96 586 illuct
114 535 181 598 qnod
197 537 233 584 eet
246 535 319 584 nicom
335 549 376 600 per
389 538 524 600 essentiam,
542 552 588 590 non
604 546 640 592 cst
652 543 763 606 ignotum.
779 545 841 610 Ergo

34 605 191 670 impossihile
205 609 241 656 est
255 610 285 655 nt
300 606 428 658 intellectos
441 612 518 660 noster
530 623 570 674 per
580 615 703 664 cosentiam
717 615 788 666 benno
802 615 838 664 ni·

33 676 103 726 teat.

68 745 373 810 amoenabantur
390 747 413 798 in
432 747 518 812 Epist.
533 749 569 799 od
584 750 677 801 Cotem
692 757 840 806 mennatem

34 817 90 879 (een
105 817 188 880 Epist
204 816 240 879 1),
251 817 307 866 dicit
324 817 385 880 quod
404 820 578 883 «superposite
591 821 630 870 liei
649 825 747 876 tenebra
762 827 839 891 (qnae

31 887 231 936 abundantiam
243 887 309 937 lucia
323 888 441 952 appellat)
455 892 613 953 cooperiuntur
624 894 686 943 omni
707 893 802 959 lumini,
816 899 840 948 el

33 957 214 1008 absconduntur
230 957 293 1008 omni
310 959 452 1022 cognitione3
471 963 495 1009 et
512 961 533 1010 si
555 961 635 1023 aliquis
653 963 733 1014 videos
750 965 835 1028 bento,

33 1027 160 1079 intellexit
172 1029 232 1092 qnod
241 1027 310 1089 nictit,
325 1041 369 1078 non
380 1029 455 1092 iprum
468 1031 541 1091 nictit,
557 1032 597 1081 sed
609 1031 691 1096 aliqorcl
701 1045 778 1084 eornm
787 1049 837 1100 qne

34 1104 92 1150 ennt
105 1100 199 1162 qne.»
213 1099 271 1162 Ergo
283 1099 359 1150 nollne
372 1099 499 1150 intellectos
511 1105 599 1152 creatos
617 1104 700 1166 poterii
713 1103 783 1154 [teum
797 1119 838 1170 per

34 1170 167 1221 essentiam
177 1169 263 1221 cillere.
650 1203 655 1212 =

67 1245 93 1291 5.
109 1241 239 1303 Praeterea,
252 1241 311 1293 mont
325 1240 445 1306 Dionysias
462 1240 486 1292 in
506 1242 589 1304 epist.
610 1241 646 1291 od
659 1242 765 1295 Dorotll.
782 1244 837 1298 licit

37 1311 92 1376 (een
107 1311 188 1377 Epist.
197 1313 235 1376 ll),
249 1312 391 1364 «invisibilis
401 1313 492 1376 qniclcm
503 1317 538 1364 eet
552 1314 612 1364 ltene
625 1315 836 1377 propterercetlcn·

34 1388 83 1434 tem
103 1381 242 1436 claritatem.
258 1399 272 1432 ι
287 1383 331 1434 Sed
347 1383 437 1434 eloritis
450 1385 501 1448 ejus
518 1383 577 1435 eiont
596 1383 684 1435 excedit
696 1384 836 1438 intellectum

34 1453 143 1505 bominis
156 1454 181 1504 in
191 1453 237 1514 ria,
247 1455 279 1505 ita
292 1455 382 1505 excedi
397 1455 536 1506 intellectum
547 1454 645 1506 bominis
654 1454 768 1518 lupatria.
777 1457 835 1524 lingo

35 1525 97 1575 eicnt
113 1524 240 1576 invisibilis
252 1529 287 1576 eet
299 1525 323 1574 in
343 1525 396 1584 nia,
410 1526 443 1576 sin
457 1527 499 1576 crit
512 1526 632 1577 invisibilis
645 1526 667 1575 in
677 1529 758 1590 patna.

67 1601 94 1646 o.
109 1597 242 1659 Praeterea,
260 1595 312 1646 ciam
330 1595 473 1659 intelligibile
502 1596 533 1647 eit
556 1596 665 1660 perfectio
692 1597 834 1662 intellectis,

36 1669 132 1730 oportet
150 1678 203 1717 eeee
220 1666 388 1731 proportionem
406 1667 466 1716 inter
483 1665 623 1729 intelligibile
642 1670 666 1717 et
682 1666 834 1733 intellectam,

38 1735 99 1788 eicnt
113 1738 178 1788 inter
193 1736 267 1788 neom
277 1740 301 1787 et
312 1736 409 1787 visibile.
423 1735 469 1786 Sed
485 1749 532 1786 non
549 1739 585 1787 est
597 1736 698 1801 accipere
710 1739 836 1802 proportio·

37 1819 92 1856 nem
107 1808 208 1871 aliquam
221 1807 281 1858 inter
289 1805 431 1856 intellectam
442 1811 540 1856 noenum
555 1809 579 1857 ct
591 1807 713 1858 essentiam
725 1809 834 1873 divinam,

39 1875 92 1928 oiim
106 1879 132 1928 in
146 1878 258 1928 inlinitum
272 1878 364 1928 distent.
377 1877 436 1941 lingo
455 1876 585 1929 intellectos
601 1881 676 1930 noster
691 1891 739 1931 non
753 1881 836 1944 poterit

39 1949 173 2013 pertingere
188 1949 216 1999 ad
229 1947 349 1999 noanon
362 1947 459 1997 divinam
473 1948 605 1999 essentiam.

71 2021 96 2068 t,
111 2021 239 2080 preterea,
253 2019 305 2082 plns
322 2016 391 2068 dieat
409 2018 470 2068 Dens
487 2019 516 2068 ab
530 2017 647 2070 intellecta
665 2021 756 2082 norbo,
767 2018 835 2082 natm

42 2087 187 2154 intelligibile
209 2092 309 2138 creatum
321 2087 335 2138 t
349 2097 427 2138 senso.-
448 2088 493 2140 Sel
506 2099 588 2140 censos
602 2088 664 2141 nollo
680 2089 746 2140 nolo
760 2092 835 2152 poteet

41 2162 174 2224 pertingere
185 2160 346 2210 alencionem
355 2157 494 2223 epirltnalenn
506 2157 636 2210 meroem.
649 2158 708 2220 Ergo
718 2170 760 2208 nec
767 2157 835 2210 intel·

41 2229 116 2282 lector
139 2233 216 2282 noster
228 2229 312 2294 poterit
328 2229 455 2293 pertingere
469 2227 499 2281 at
513 2229 633 2279 videndam
647 2227 746 2280 clinicam
759 2239 835 2280 essen

43 2298 107 2352 tiam

73 2375 96 2424 e.
113 2374 237 2435 praterea,
259 2372 445 2436 quenoomnqne
457 2369 587 2420 intellector
599 2368 703 2432 intelligit
716 2367 800 2433 aliquid
811 2369 834 2420 in

43 2445 105 2505 nctn,
119 2447 209 2508 oportet
217 2443 278 2507 qnod
289 2442 423 2494 inlormetnr
433 2453 474 2505 tter
483 2439 654 2490 similitudinem
666 2438 774 2490 intellecti
786 2440 831 2505 (l),
910 2517 912 2521 ι

74 2549 110 2613 (l)
125 2554 212 2610 Nempe
231 2554 385 2612 impressam.
394 2555 420 2595 nt
431 2549 509 2594 vocari
524 2547 537 2594 t
551 2545 673 2605 'theologie
691 2553 715 2593 et
726 2547 833 2596 Philoto-

42 2613 94 2667 pbie
107 2615 195 2672 peeeim
213 2615 285 2670 nolet,
303 2614 358 2670 qnia
372 2612 479 2657 nimirum
497 2611 527 2656 ab
551 2610 644 2666 objecto
661 2609 797 2666 imprimitur
810 2610 835 2657 ln

44 2674 193 2734 intellectum,
208 2683 234 2720 nt
252 2675 315 2720 nicee
330 2675 380 2731 eloe
396 2679 469 2731 gerat,
484 2672 536 2717 clm
558 2672 674 2727 obtectum
689 2684 730 2729 per
748 2683 773 2720 te
787 2685 834 2719 non

44 2738 118 2792 parsit
125 2749 176 2785 cete
184 2737 309 2784 intellectui
321 2747 421 2794 pratens
431 2737 468 2781 nel
479 2736 635 2791 coniunctam
646 2734 683 2778 vel
696 2734 834 2790 imprimitur

45 2799 127 2848 callem
137 2799 252 2859 abaliquo
262 2798 373 2858 repertori
385 2809 454 2844 canoa
468 2795 576 2843 influente
585 2796 608 2841 ln
619 2796 759 2844 intellectum
769 2797 833 2844 illam
