1968 3294
235 213 267 250 66
282 213 378 252 visione
393 204 481 250 666666
499 213 630 265 66666666,
647 214 699 252 666.
818 215 863 268 ggp

96 285 137 335 66
160 285 254 336 tertium
268 287 402 348 dicendum,
416 287 476 352 quod
497 288 617 353 Dionysius
630 287 662 339 ibi
675 287 772 352 loquitur
783 289 811 342 66
823 303 861 342 co-

50 355 173 418 gnitione
189 370 233 418 qua
249 359 318 410 Deum
336 359 359 409 in
378 359 416 411 ria
430 358 585 423 cognoscimus
599 373 640 425 por
654 359 750 422 aliquam
765 360 859 411 formam

52 428 180 488 creatam,
191 440 234 490 qna
247 427 375 480 intellectus
389 432 464 480 nostor
476 429 623 480 immaturati
637 430 707 480 iterun
723 429 859 492 ridendum

52 496 120 556 sed,
133 495 194 546 sicut
215 497 268 548 dicit
281 500 418 562 Augustinus
433 499 529 564 (loco'
519 512 566 563 Jam
586 498 685 550 indicato
694 513 767 565 ,cap
790 507 820 564 6,
834 513 861 552 66

54 564 206 630 deinceps),
216 569 376 620 ltensomnem
387 570 481 621 turmam
496 569 623 624 intotisctris
633 537 705 621 nostri
716 571 859 652 subterfugit,

54 635 123 696 qnia
144 649 306 702 quamcumque
325 641 419 690 formam
437 639 565 690 inteltcctrts
586 643 663 691 666666
683 640 808 720 concipiat,
822 641 861 691 itta

54 702 143 754 forma
158 717 205 755 non
224 708 332 772 pertingit
352 711 379 760 ad
401 707 508 759 rationem
531 709 614 760 diuina
634 709 754 774 6666666,
771 713 794 762 ct
809 711 860 761 ideo

56 771 120 835 ipss
134 785 180 824 non
198 781 336 839 potestesse
354 779 445 843 pervius
463 778 588 830 intellectui
610 784 696 831 nostro.
715 780 781 830 Sed'
774 794 798 831 ru
818 782 860 832 troc

56 855 122 894 eum
133 847 295 909 perfectissimi
308 850 464 912 cognoscimus
473 851 495 901 in
510 853 570 901 statu
583 850 626 902 riae
629 851 703 914 ,quod
717 851 860 904 scimussum

57 927 122 966 csse
137 929 205 998 super
214 932 280 970 omne
291 921 314 972 id
326 923 385 984 quod
402 921 529 974 iutcttsctnis
548 925 624 972 noster
642 923 759 986 concipere
772 927 858 994 potest;

58 988 89 1034 et
106 985 141 1036 sic
153 987 175 1036 ci
190 989 347 1052 conjungimur
359 991 422 1054 quasi
432 991 517 1054 ignoto
530 991 596 1042 Sed'
590 1004 613 1041 ru
627 991 698 1056 patria
710 993 808 1058 idipsum
819 1007 860 1076 per

58 1054 166 1105 666666
181 1071 232 1121 qum
246 1062 282 1110 cst
292 1061 389 1112 essentia
405 1073 454 1122 sua,
468 1061 610 1124 ridebimus,
624 1063 652 1112 66
660 1063 821 1126 conjungemur
834 1067 856 1116 ci

59 1125 134 1188 quasi
147 1133 211 1180 notu.

100 1196 138 1247 66
153 1203 256 1261 quartum
272 1199 407 1263 dicendum,
419 1199 479 1264 6666
494 1216 508 1249 n
521 1200 560 1251 lux
575 1205 610 1252 est
622 1203 721 1262 66666
735 1206 761 1252 ut
777 1203 859 1254 dicitur

59 1267 156 1326 1666,
171 1270 190 1320 Ι.
209 1271 296 1322 Lumen
310 1275 384 1322 autem
403 1277 439 1322 cst
453 1271 572 1336 impressio
584 1271 644 1323 lucis
655 1272 679 1322 in
693 1271 767 1335 aliquo
777 1273 859 1325 illumi·
883 1265 895 1279 ⁸

59 1341 134 1388 nato.
145 1339 173 1388 nt
184 1339 237 1403 qiua
247 1341 345 1392 essentia
356 1341 432 1391 diviua
444 1345 478 1390 est
489 1341 654 1392 alteriusmodi
664 1341 730 1405 quim
741 1344 814 1393 omnis
825 1345 858 1394 si·

61 1408 174 1460 mititudo
193 1409 265 1474 ipsius
286 1410 395 1476 impressa
410 1411 551 1475 intellectui,
562 1412 613 1462 ideo
628 1411 682 1462 dicit
700 1411 760 1475 quod
775 1413 858 1464 umine

60 1479 169 1530 tcucnrae
181 1481 312 1544 operiuntur
324 1482 385 1533 omni
395 1482 473 1532 lumini
481 1519 488 1542 ,
497 1483 550 1546 qnia
560 1482 646 1534 scilicet
659 1481 758 1534 6666666
771 1483 856 1546 divina,

61 1561 138 1610 quam
157 1549 269 1600 tenebras
281 1555 347 1601 uocat
359 1555 450 1616 propter
463 1551 570 1602 claritatis
582 1564 713 1614 excessum,
724 1558 801 1604 manet
818 1554 858 1605 iu-

62 1619 224 1670 demonstrata
242 1634 283 1684 par
300 1621 471 1685 impressionem
488 1622 614 1674 intelicctus
626 1621 715 1684 nostri;
728 1625 803 1687 siper
816 1625 859 1675 troc

61 1689 171 1753 sequitur
187 1691 246 1755 6666
265 1692 411 1742 abscondatur
423 1691 485 1742 omui
501 1691 633 1756 cognitioni.
646 1693 676 1742 Et
690 1692 742 1743 idco
754 1693 856 1756 quicum-

63 1773 114 1824 que
130 1761 255 1812 ridentium
272 1763 341 1814 Deum
365 1763 446 1828 aliquid
464 1765 540 1814 monto
557 1763 673 1828 concipit,
691 1765 736 1816 troc
757 1775 802 1815 nou
823 1769 857 1816 est

63 1832 144 1894 Deus,
154 1834 192 1882 sort
207 1834 289 1898 aliquid
303 1833 430 1884 diuinorum
448 1833 577 1884 effectuum.

101 1903 136 1952 66
147 1905 250 1968 quintum
264 1905 399 1967 dioendum,
418 1903 477 1968 quid
492 1904 582 1955 claritas
592 1905 748 1970 liei-quamvis
762 1907 858 1957 excedat

63 1985 161 2023 omnem
178 1975 271 2026 formam
285 1987 328 2040 qua
342 1987 401 2025 nnnc
414 1975 540 2026 intaiicetue
560 1979 636 2026 noster
652 1977 798 2036 informatur,
812 1988 857 2026 non

63 2048 145 2093 tamen
156 2045 245 2096 excedit
257 2047 328 2110 ipsam
339 2045 461 2097 essentiam
475 2047 585 2106 diuinam,
595 2059 645 2111 que
654 2049 699 2098 erit
708 2047 772 2110 quast
785 2047 857 2098 66666

63 2113 198 2165 intellectis
213 2117 285 2167 nostri
299 2116 324 2166 in
341 2117 420 2180 patria.
434 2118 464 2167 nt
482 2117 533 2176 idco
546 2117 601 2168 licit
616 2129 676 2168 nnnc
685 2117 714 2168 sit
723 2116 855 2180 inuisibilis,

64 2189 146 2235 tamen
160 2186 215 2236 tuuc
225 2187 267 2236 erit
282 2187 386 2237 visibilis.

100 2255 135 2304 66
143 2259 231 2306 sentum
243 2257 371 2322 dicendum,
381 2256 441 2322 quod
454 2257 556 2322 quamvis
570 2257 627 2308 tiniti
641 2259 669 2308 ad
682 2257 797 2307 intinitmn
810 2269 856 2308 nou

66 2325 143 2390 possit
164 2339 213 2378 csse
231 2329 426 2392 proportionum
450 2341 558 2380 excessus
580 2329 664 2378 intuiti
683 2327 751 2392 snprn
767 2328 856 2378 finitum

67 2411 116 2447 non
129 2401 165 2446 est
176 2397 348 2460 determinatus,
360 2402 434 2462 potest
454 2403 530 2450 tamen
549 2412 599 2450 essa
612 2399 673 2450 iuter
690 2411 717 2450 ea
730 2399 856 2462 proportio·

67 2467 164 2528 natitas,
173 2481 222 2532 666
235 2472 271 2518 cst
286 2469 410 2520 similitudo
424 2469 601 2536 proportionum.
617 2470 681 2521 Sicut
693 2470 754 2520 enim
768 2469 855 2519 finitum

69 2541 173 2602 equatur
194 2539 259 2590 alicui
277 2539 402 2602 tinito,ita
423 2542 511 2594 infinito
532 2541 652 2592 intuitum.
668 2540 702 2590 66
721 2541 764 2590 troc
779 2548 855 2592 autum

69 2608 131 2674 6666
144 2608 228 2673 aliquid
239 2610 337 2660 totaliter
348 2610 545 2674 cognoscamini,
555 2611 691 2675 quandoque
705 2612 794 2674 oportet
805 2623 855 2662 sssc

104 2769 136 2832 (1)
150 2771 203 2818 Stre
222 2775 332 2828 quantum
346 2765 383 2817 ad'
394 2783 474 2817 onmes
487 2771 587 2829 666666,
602 2773 748 2818 habundium
762 2784 789 2818 ac
806 2786 855 2819 rer·

73 2839 154 2890 pertus
176 2833 259 2891 quihus
280 2833 441 2891 cognoscibitir
463 2833 507 2878 (tici
530 2839 614 2891 potest.
627 2837 674 2887 066
693 2847 763 2880 sensu
784 2837 854 2880 66666

72 2897 148 2942 nuilus
157 2903 247 2944 crentur
256 2898 384 2944 iutettectua
397 2901 474 2955 potest
485 2897 578 2942 omnino
588 2907 725 2954 cognoscere
735 2929 741 2956 ,
753 2897 807 2954 qnia
819 2902 855 2943 tn·
