1932 3330
124 214 170 260 356
244 221 430 262 succlamabunt!
436 245 443 272 ,
459 220 553 266 dumos.
569 223 657 276 mult,
672 223 730 264 lau.
748 227 802 265 vul.

407 405 565 482 sacremus
579 406 639 457 urrr.

151 537 237 583 Utrum
250 533 368 592 tuffcapin
378 533 472 591 prostoci
485 534 575 578 sanctis
593 534 747 582 sciscentibus
755 538 784 582 in
800 543 887 598 patria,
957 531 960 606 j

151 664 185 715 dd
199 666 304 713 octavum
318 661 350 712 sic
368 658 504 724 proceditur.
514 659 610 712 Videtur
625 659 686 725 qntd
696 661 772 726 aliquo
787 666 854 718 modo
867 681 916 732 pro
958 673 960 706 i

119 735 165 786 siut
179 733 264 784 sanclis
277 731 429 784 existentibus
440 731 465 782 iu
482 731 568 795 patrie,
588 745 630 796 per
645 734 690 784 hcc
703 737 763 798 quod
784 738 882 790 babetur
894 741 916 790 iu
958 731 960 779 t

120 807 219 859 Collecla
228 805 314 857 missae:
329 821 343 853 a
353 805 416 854 Sicut
422 803 507 855 seuctis
517 803 565 856 tuis
576 809 671 870 prosunt
679 806 707 856 ad
718 807 815 870 gloriam
824 811 916 874 (scilieet

121 877 282 940 sacramenta),
293 877 325 926 ita
336 876 402 927 nobis
414 875 534 940 proficient
545 876 572 926 ad
582 877 724 928 medelam.»
740 879 790 944 Sed
798 881 860 933 inter
875 883 916 933 alia

119 949 226 1012 suffragia
240 947 379 1012 precipuum
394 951 430 998 est
443 948 613 998 Sacramentum
631 948 722 1000 itteris.
736 949 797 1014 Ergo
812 954 917 1020 suffragia
959 961 960 994 t

119 1023 215 1085 prosunt
228 1019 310 1070 sanctis
324 1019 364 1084 qui
378 1022 433 1070 suut
447 1018 471 1067 in
485 1017 567 1082 patria.
598 1067 600 1074 s
959 1033 960 1038 ¹

150 1096 175 1140 a.
187 1093 316 1152 Praeterea,
332 1107 346 1138 u
364 1094 507 1142 sacramenta
526 1089 630 1142 efficiunt
643 1091 703 1154 quod
720 1092 829 1155 figurant.
844 1109 860 1141 a
875 1095 916 1146 Sed

121 1163 188 1213 teriia
201 1175 253 1227 pars
273 1162 353 1214 bostiae
365 1161 465 1226 (scilicet
483 1162 507 1212 iu
527 1161 620 1214 calicem
641 1162 729 1226 missa)
744 1164 862 1227 siguificat
879 1179 916 1217 eos
959 1162 960 1170 ’

121 1234 161 1299 qni
178 1235 264 1286 beatam
281 1235 349 1284 uitam
369 1234 394 1283 in
412 1231 486 1297 patria
500 1233 594 1283 ducunt.
609 1235 670 1296 Ergo
691 1234 798 1297 sullmgia
813 1236 918 1290 Ecclesie

120 1310 216 1372 prosunt
229 1307 313 1358 sanctis
323 1305 473 1358 existentibus
486 1303 512 1354 iu
522 1305 603 1369 patrie.

152 1383 175 1429 3.
188 1383 315 1440 preterea,
327 1376 402 1427 sancti
422 1389 468 1426 non
485 1375 557 1426 solium
573 1378 673 1440 gaudent
692 1378 717 1428 in
729 1379 809 1442 patria'
820 1381 850 1432 de
866 1397 917 1446 pro·

119 1451 175 1515 priis
190 1451 272 1510 bonis,
289 1449 329 1499 sed
345 1446 414 1498 etiam
428 1447 456 1498 de
472 1447 539 1498 bouis
549 1448 642 1512 alieuis3
655 1450 715 1500 unde
725 1450 798 1510 Lac„
812 1452 871 1513 llll,
885 1454 917 1504 di-

119 1521 177 1573 citur
192 1537 198 1572 ε
214 1521 347 1572 «Gaudium
359 1519 402 1570 erit
415 1531 490 1569 coram
501 1519 638 1582 angelisltei
652 1534 723 1584 super
736 1534 783 1572 uuo
797 1527 916 1586 peccatore

119 1595 275 1661 {renitentium
292 1595 409 1654 agente.»
429 1592 488 1654 Ergo
505 1605 534 1642 ex
559 1591 625 1642 bouis
645 1593 752 1656 operibus
775 1594 915 1660 uiuentium,

64 1710 66 1717 .
118 1672 246 1718 sauctorum
264 1665 370 1728 quisunt
385 1664 408 1713 iu
430 1663 502 1727 patria
519 1663 628 1727 gaudium
648 1664 746 1727 crescit;
762 1665 832 1718 etita
847 1669 916 1719 etiam

117 1739 151 1790 cis
165 1741 244 1789 nostra
257 1737 364 1800 sullragia
379 1739 483 1800 prosunt.
520 1775 523 1778 .

149 1812 171 1858 t.
188 1811 312 1868 Praetcrea,
325 1800 477 1857 bamasc'euus
491 1805 547 1856 dicit
560 1806 585 1856 in
599 1807 717 1858 Sermone
733 1807 765 1858 de
781 1809 915 1860 dormien-

118 1880 185 1931 tibus
204 1879 261 1943 (rel
281 1879 313 1928 de
328 1878 468 1940 destrictis,
486 1881 511 1927 ut
527 1878 576 1940 jem
591 1878 696 1942 suprl)‚
715 1879 827 1945 inducens
845 1883 914 1932 uerba

117 1951 294 2018 chrysostomi:
307 1951 355 2002 «Si
369 1951 429 2002 euim
443 1950 557 2013 gentiles,
570 1952 671 2015 inquit,
686 1967 736 2004 cum
750 1955 787 2004 his
801 1955 843 2018 qui
853 1955 913 2008 obie-

115 2029 167 2076 runt
181 2038 221 2076 sue
233 2024 383 2083 comburunt,
393 2021 479 2084 quantb
491 2022 566 2086 magis
578 2025 601 2072 te
618 2023 707 2074 fidelem
719 2025 808 2076 mittere
825 2040 913 2078 coare-

114 2099 149 2149 uit
159 2111 208 2148 cum
221 2093 361 2160 lideliipsius
371 2093 478 2158 propria3
491 2107 538 2146 nou
551 2097 577 2144 ut
590 2093 669 2144 darilla
682 2095 737 2146 daut
750 2101 774 2146 et
786 2098 839 2149 hec
850 2099 912 2150 uelut

114 2171 165 2232 illa,
176 2170 215 2220 scd
228 2171 253 2218 ul
266 2167 375 2230 majorem
386 2165 438 2216 binc
451 2165 609 2230 circumpones
623 2166 735 2230 gloriam3
751 2168 806 2218 etsi
819 2169 910 2233 qnidam

115 2245 219 2306 peccator
234 2237 303 2302 luerit
315 2237 355 2302 qui
370 2241 472 2288 mortuus
485 2242 531 2300 est,
542 2242 568 2287 ut
585 2237 718 2302 peccamina
734 2239 825 2302 solvam
838 2241 858 2290 si
872 2254 909 2290 an-

113 2317 159 2364 tem
172 2309 481 2376 iustus‚11tappositiofiat
500 2309 611 2361 mercedis
631 2313 654 2360 et
668 2308 833 2362 retributionis.
848 2329 863 2358 »
883 2314 909 2361 m

115 2384 147 2435 sic
163 2385 223 2436 idem
238 2383 299 2447 quod
309 2381 381 2446 prids.

144 2457 188 2506 Sed
202 2460 281 2506 contra
295 2457 347 2514 est,
362 2453 457 2517 quodid
469 2452 543 2504 littera
557 2453 602 2517 (ut
612 2453 661 2516 jam
674 2451 758 2516 pride)
771 2453 870 2505 babetur
882 2470 908 2506 er

113 2527 189 2576 uerbis
208 2526 327 2589 lugustini
338 2527 428 2591 iseum.
441 2525 511 2588 xiil,
523 2526 558 2574 De
566 2525 648 2576 cerdis
657 2523 787 2589 Apostoli,
797 2538 850 2588 cap.
863 2529 887 2589 1)
901 2543 906 2573 ;

46 2618 57 2633 1
115 2597 223 2658 calciaria
236 2602 272 2647 est
288 2611 328 2661 pro
347 2601 445 2662 martyre
460 2609 524 2647 orare
543 2597 568 2646 iu
585 2597 704 2660 Ecclesia,
717 2596 783 2659 cujus
802 2610 846 2647 nos
866 2599 909 2650 do·

111 2668 190 2720 bemus
204 2669 343 2720 orationibus
356 2668 517 2722 commendari.
531 2685 544 2716 a

142 2740 253 2791 Praetcrca
261 2777 270 2803 ,
284 2741 335 2806 ejus
351 2746 388 2793 est
406 2740 500 2805 jurari,
514 2741 580 2804 cujus
595 2745 629 2792 est
645 2740 756 2803 indigere.
771 2739 817 2792 Sed
838 2745 909 2794 sancti

109 2811 134 2860 iu
156 2812 296 2874 patrissant
314 2814 398 2876 alisque
419 2812 480 2862 oanni
504 2812 635 2876 indigentia.
662 2813 721 2875 Ergo
737 2826 778 2875 per
801 2815 908 2878 sullragia

110 2883 216 2934 Ecclesiae
227 2885 397 2946 nonjuuautur.
420 2915 423 2922 Δ

146 2955 491 3018 (doucuus10.—cdmsaucti
505 2957 529 3008 ln
543 2957 630 3010 coelesti
642 2969 710 3022 regno
725 2956 809 3008 nudus
825 2958 860 3009 rei
873 2958 907 3008 iu-
