1946 3318
189 171 222 208 us
236 169 420 209 connrrroumus
436 166 635 217 snsuueruuunr,
652 169 706 208 nro.
803 160 849 207 ιιι

36 261 89 312 per
101 245 267 310 Philosophum
281 246 304 295 iu
317 247 345 296 ll.
367 247 466 311 Plpeic.
483 247 558 310 (text.
576 247 627 309 8),
642 250 665 298 et
683 246 854 300 commentator

34 320 105 370 idem
117 317 235 368 dioitiull
247 317 374 368 Derrima
383 319 481 384 (tems).
495 318 539 369 Sed
553 318 572 366 si
585 320 657 368 statua
671 331 702 368 ex
714 318 793 368 eolern
804 331 851 370 ere

35 388 179 450 reficiatur,
194 401 242 438 non
258 388 301 438 erit
323 390 402 441 eadem
421 403 524 440 numero.
548 390 607 451 Ergo
626 388 698 440 multo
713 388 807 452 minis,
829 389 850 440 si

38 461 118 511 homo
132 472 163 510 ex
172 459 258 510 eisdem
267 460 399 524 pulveribus
412 460 534 522 reficiatur,
546 460 590 510 erit
598 459 659 511 idern
667 461 736 510 bomo
745 473 849 511 numero.

78 531 127 582 Sed
142 535 221 580 contra
238 534 274 580 est
284 567 291 592 ,
303 532 364 594 qnod
377 531 459 582 dicitur
477 531 537 588 Jno,
554 532 623 582 lllll:
642 547 655 578 u
666 531 738 589 Quem
760 532 853 584 uisurus

41 614 103 652 sum
116 613 160 663 ego
177 601 241 664 ipse,
256 605 279 652 et
298 614 345 652 non
364 602 437 664 alius;
456 619 469 650 o
489 607 512 652 ct
525 602 624 664 loquitur
645 602 673 652 de
692 601 781 652 visione
799 608 852 667 post

38 672 246 724 resurrectionem.
262 673 321 736 llrgo
335 673 396 724 idem
407 687 502 732 numero
516 675 584 724 horno
599 681 712 738 resurget.

76 745 210 806 Praeterea,
222 744 362 806 Augustinus
376 745 447 806 dicit,
462 745 521 796 lllll.
532 744 574 794 lib·
588 745 625 796 De
636 745 727 794 Trioir.
744 745 803 808 (cap.
814 745 850 809 5),

38 815 109 880 quod
125 828 271 878 «resurgere
287 815 345 864 nibil
358 819 393 866 est
406 815 465 866 aliud
479 815 547 878 pn'am
559 814 705 870 reviviscere.
720 831 734 863 o
750 815 799 866 Nisi
810 830 851 868 au·

37 893 96 938 tem
108 887 170 938 idem
184 887 252 938 homo
262 899 355 936 numero
365 887 448 937 rediret
459 887 488 938 ad
498 887 567 936 uitam
581 886 621 950 qui
633 891 736 937 mortuus
748 892 794 949 est,
805 901 852 938 non

41 959 164 1009 diceretur
179 959 335 1008 reviviscere.
352 958 411 1021 Ergo
428 971 475 1010 non
490 962 635 1022 resurgeret,
646 959 709 1022 quod
725 961 761 1010 est
774 963 853 1010 onuba

39 1028 127 1080 fidem.
191 1056 195 1064 -

82 1099 245 1161 (Concessio.
258 1128 291 1138 -
304 1100 440 1152 llaereticnm
458 1102 493 1150 est
506 1097 595 1160 dicere,
609 1101 714 1150 eumdem
735 1099 851 1151 bominem
914 1108 916 1116 ’

43 1183 99 1222 non
112 1177 293 1240 resurrecturum
302 1171 342 1234 qui
355 1175 457 1223 mortuus
466 1174 517 1233 est,
527 1169 627 1232 alioquin
639 1171 702 1220 euim
711 1171 780 1222 homo
792 1171 854 1224 uene

39 1242 126 1292 lactus
136 1246 213 1306 esset,
227 1244 247 1294 si
259 1244 287 1294 ad
301 1243 370 1295 tinem
386 1246 478 1308 propter
492 1255 562 1304 quom
573 1241 647 1294 luctus
664 1246 715 1304 est,
731 1242 853 1306 peruenire

42 1325 96 1364 uon
108 1315 213 1376 posset)

76 1387 220 1450 Respondeo
236 1387 372 1448 liberdum,
383 1385 443 1450 qubd
454 1383 585 1436 necessitas
598 1383 698 1448 ponendi
706 1383 856 1436 resurrectio·

30 1470 106 1508 ‘nem
116 1461 159 1522 ,est
170 1471 199 1510 en
208 1459 261 1521 boo,
273 1463 298 1509 ut
308 1459 376 1510 bomo
393 1457 461 1508 tinem
474 1450 579 1506 utimum
592 1459 684 1519 propter
696 1468 765 1518 quem
779 1455 854 1504 lactus

42 1533 81 1580 est
102 1534 272 1594 consequatur,
286 1531 346 1594 qnorl
364 1531 389 1580 in
405 1529 448 1580 hae
467 1529 513 1581 uita
533 1528 582 1580 lieri
596 1541 643 1580 non
657 1529 748 1591 potest,
763 1540 807 1577 nec
830 1527 855 1577 in

43 1601 97 1650 uita
113 1601 197 1652 anime
208 1603 317 1665 separate
324 1636 330 1663 ,
339 1604 364 1652 ut
375 1601 536 1666 supradictum
546 1599 582 1651 est
591 1600 641 1665 (qn.
654 1604 693 1663 tt,
705 1602 772 1650 ortt
787 1603 810 1650 et
819 1601 854 1661 b);

45 1673 108 1726 alies
122 1673 193 1724 bomo
205 1676 265 1726 esset
276 1672 333 1724 veut
341 1673 487 1734 constitutus,
500 1673 520 1722 si
532 1673 560 1722 ad
575 1673 644 1724 linem
659 1672 686 1722 ael
700 1683 768 1734 quem
780 1670 858 1720 lactus

45 1748 86 1794 est
104 1743 228 1808 peruenire
246 1757 291 1796 non
307 1747 393 1810 posset.
414 1745 443 1794 tlt
460 1743 513 1808 quio
532 1745 621 1807 oportet
642 1741 703 1808 qnbrl
719 1742 775 1792 illud
793 1741 855 1792 idem

45 1829 149 1868 numero
165 1817 194 1867 ad
209 1817 278 1870 linem
292 1817 426 1880 perveniet,
441 1817 503 1879 qnod
517 1819 609 1880 propter
621 1816 691 1866 tinem
704 1817 741 1864 est
757 1813 854 1878 lactum,

46 1900 80 1938 ne
95 1889 120 1938 in
138 1901 224 1941 uanum
235 1901 287 1940 esse
301 1889 386 1940 iactum
402 1889 515 1951 rideatur,
530 1891 620 1952 oportet
632 1886 695 1952 quod
710 1885 771 1938 idem
788 1888 858 1936 bomo

47 1973 148 2013 numero
161 1965 273 2022 resurgat.
284 1961 312 2010 Et
321 1961 365 2011 boc
378 1959 470 2023 quidem
484 1959 572 2010 iillum
586 1959 667 2009 eadem
677 1956 753 2008 anima
761 1969 861 2007 numero

46 2032 128 2092 eidem
141 2032 235 2096 corpori
248 2045 342 2082 numero
356 2031 518 2095 conjungitur3
532 2030 591 2080 alite
603 2029 664 2080 enirn
678 2043 724 2079 non
745 2032 806 2079 esset
820 2041 855 2077 ru·

47 2103 167 2154 surrectio
180 2102 288 2167 proprie,
302 2103 349 2156 nisi
361 2104 421 2153 idem
431 2105 501 2154 homo
517 2105 669 2166 repararetur.
690 2102 753 2152 Uncle
770 2111 860 2164 ponere

46 2174 114 2239 quod
133 2174 193 2225 idem
208 2187 302 2225 numero
316 2188 361 2226 non
373 2174 402 2226 sit
415 2174 455 2238 qui
468 2177 583 2238 resurget,
598 2176 634 2222 est
647 2172 798 2231 hereticum,
814 2171 861 2221 de·
910 2191 913 2196 ¹

46 2259 137 2310 rogans
150 2245 243 2298 ueritati
255 2244 395 2312 scripture,
411 2258 461 2308 quae
473 2244 663 2296 resurrectionem
676 2243 794 2307 predicat.

82 2317 122 2368 Au
137 2316 235 2380 primum
248 2329 303 2382 ergo
316 2316 455 2377 (licendum,
472 2315 533 2379 qubd
547 2315 698 2378 Philosophus
712 2311 812 2376 loquitur
830 2309 859 2362 de

48 2388 201 2440 reiteratione
219 2401 271 2452 que
288 2388 314 2438 bt
335 2400 375 2452 per
393 2392 479 2438 motum
500 2389 538 2440 vel
559 2386 709 2438 mutationem
723 2383 859 2434 mturalem.

51 2459 164 2513 ostendit
178 2459 240 2514 euim
256 2459 407 2510 differentiam
429 2458 584 2508 circulationis
597 2471 648 2518 que
671 2456 745 2508 estin
762 2467 862 2518 genera·

49 2531 117 2582 tione
132 2534 156 2582 et
169 2531 324 2596 corruptione,
339 2531 367 2582 ccl
378 2530 549 2580 circulationem
564 2541 615 2592 qum
627 2533 661 2579 est
678 2529 701 2578 iu
714 2531 778 2578 motu
790 2525 858 2589 coeli3

51 2603 109 2666 onia
120 2603 202 2654 emtum
217 2615 258 2667 per
272 2606 357 2654 moturu
370 2602 464 2654 localem
479 2601 537 2650 redit
549 2599 609 2650 idern
624 2613 719 2651 numero
732 2600 760 2649 ad
769 2598 863 2663 princi-

54 2675 123 2738 pium
136 2675 229 2737 motos,
247 2675 301 2740 quia
313 2673 384 2726 babet
396 2672 545 2724 substantiam
558 2671 754 2735 incorruptibilem
767 2676 862 2721 motam.

57 2747 106 2798 Seri
118 2747 259 2810 generabilia
270 2750 295 2798 et
314 2744 467 2809 corruptibilia
479 2757 520 2808 per
538 2745 707 2808 generationem
724 2741 823 2792 redeunt
835 2741 865 2791 ad

55 2816 121 2870 idem
133 2817 220 2882 specie,
234 2831 281 2868 nou
294 2819 322 2868 ud
332 2817 392 2868 idem
405 2815 515 2878 numero;
527 2816 580 2879 qnia
594 2828 623 2864 ex
638 2814 731 2865 bomine
745 2815 866 2877 generatur

55 2891 167 2955 singnis,
182 2901 371 2953 cremerensi,
383 2889 449 2940 etsie
461 2886 570 2952 deinceps
583 2901 702 2952 onousqne
718 2883 868 2950 perveniatur
