1998 3326
133 143 165 192 '76
275 155 473 205 snrrnnmrrrnr,
492 155 585 202 cansa.
601 155 671 207 sarx,
688 157 744 195 nar.
761 157 796 196 vr.

134 230 195 281 sicut
205 230 357 295 Hieronymus
370 231 425 280 dicii
436 231 488 295 (ad
503 231 605 295 Epiros..
615 231 635 280 II
645 237 661 294 l,
671 235 695 282 et
705 231 801 284 habetur
815 233 841 284 in
857 233 953 287 lietera

136 303 192 368 (lv,
208 304 287 358 sent..
302 301 356 351 dIst.
366 302 411 366 31)
426 317 433 351 :
449 303 670 368 «voluptatesque
684 305 712 355 de
732 305 876 355 meretricum
888 318 949 355 am·

133 374 240 440 plexibus
253 373 381 437 capiantur,
392 373 417 423 in
431 387 502 426 uxore
520 375 653 427 damnandae
668 379 729 426 sunt.
750 391 764 423 n
778 377 822 428 Sed
835 390 884 428 non
900 376 953 428 di-

135 445 195 495 citur
206 455 258 494 esse
266 443 408 506 damnabile,
420 444 466 494 nisi
476 449 595 508 peccatum
604 445 708 496 mortale.
722 446 782 509 Ergo
797 458 955 510 cognoscere

135 528 230 566 uxorem
240 517 333 579 propter
341 515 412 565 solam
428 514 583 580 voluptatem,
601 519 636 566 est
646 527 737 580 semper
750 521 868 580 peccatum
880 530 962 570 mor·

136 587 192 638 tale.
529 615 530 618 =

167 661 191 707 2.
205 657 327 717 preterea,
337 657 496 706 consensusiu
511 653 685 707 delectationem
701 659 737 706 est
750 660 869 721 peccatum
880 669 956 709 mor-

137 727 192 790 tale,
201 731 228 778 nt
239 727 322 777 dictum
333 730 368 777 est
380 728 413 792 (l,
421 727 450 790 ll,
463 743 502 792 qn,
515 731 554 791 rt,
567 731 610 776 art.
620 731 643 791 ⁸3
653 731 676 778 et
689 729 719 778 II.
730 728 810 788 Seni„
822 728 877 778 dist.
889 729 956 793 at).

136 800 183 850 Sed
197 799 332 864 quicumque
352 799 470 861 cognoscit
487 811 581 850 uxorem
604 812 668 849 suam
682 799 751 849 causa
766 799 954 864 delectationis,

138 871 253 922 consentit
274 869 298 920 in
320 869 507 921 delectationem.
521 871 581 934 Ergo
602 870 727 921 mortalner
741 875 829 932 peceat.

170 947 194 992 3.
206 942 327 1004 Praeterea,
335 941 472 1007 quicumque
482 955 547 992 usum
562 945 676 993 creature
689 955 734 993 non
748 941 849 993 refertin
859 941 956 1008 Deum,

138 1011 241 1065 creatmd
258 1013 356 1076 iraitnr3
371 1014 431 1076 quod
444 1017 479 1064 est
492 1016 617 1077 peccalum
630 1012 733 1064 mortale.
748 1014 791 1064 Sed
805 1012 960 1077 quicumque

138 1095 210 1135 uxore
226 1086 319 1149 propter
336 1083 408 1134 solam
425 1083 598 1134 delectationem
618 1083 704 1148 utitur,
724 1085 787 1134 hunc
807 1096 876 1134 nsum
897 1097 956 1137 non

138 1157 209 1208 refert
218 1157 244 1206 in
253 1157 333 1206 Deam.
344 1157 405 1219 Ergo
422 1153 546 1206 mortaliter
559 1159 650 1220 peccat.

172 1230 196 1277 t.
209 1228 336 1291 Prummu,
352 1227 428 1277 nullus
442 1226 508 1277 debet
521 1225 729 1290 excommunicari,
741 1225 787 1277 nisi
798 1239 839 1291 pro
849 1233 958 1290 peccato

140 1299 240 1350 mortali.
255 1300 300 1350 Sed
316 1298 399 1362 aliquis
412 1311 507 1349 uxorem
522 1297 569 1347 sola
580 1297 674 1349 libidine
690 1309 847 1360 cognoscens,
864 1298 893 1347 ab
906 1299 955 1351 in·

140 1370 211 1421 troitn
224 1370 323 1422 ecclesie
340 1371 439 1431 arcetur,
452 1373 478 1420 ut
491 1369 516 1419 in
527 1368 604 1419 littera
619 1368 653 1432 (l)
671 1369 768 1430 diamur,
781 1369 846 1433 quasi
861 1369 892 1420 sit
907 1383 959 1423 ex·

142 1441 332 1493 communicatus.
346 1441 408 1504 Ergo
424 1440 499 1490 omnis
517 1439 571 1490 tatis
584 1443 666 1504 peceat
678 1440 811 1491 mortaliter.

172 1513 218 1564 Sed
239 1516 318 1562 contra
337 1515 386 1573 est,
403 1511 483 1574 quod,
500 1510 625 1562 secandum
640 1511 791 1576 Augustinum
809 1511 867 1575 (De
881 1511 957 1566 borao

142 1583 244 1646 coajap.
261 1593 312 1647 cap.
326 1586 340 1632 6
353 1586 376 1633 et
389 1581 432 1646 I),
447 1582 499 1633 talis
513 1583 646 1634 concubitus
662 1583 753 1647 ponilur
769 1581 830 1632 inter
850 1589 954 1646 peccata

142 1653 282 1718 quotidiana,
291 1665 332 1718 pro
351 1653 434 1718 quibus
447 1654 545 1704 dicitur:
559 1656 654 1705 «Pater
672 1658 760 1714 noster,
776 1657 822 1704 etc.
838 1659 891 1706 rut
902 1657 952 1708 ha-

142 1723 209 1844 ltrsstur
220 1725 246 1844 gr
258 1726 332 1845 licterta
342 1726 432 1787 libid..
446 1725 513 1790 ξε).
531 1725 578 1776 Sed
590 1725 645 1775 talia
657 1737 704 1775 non
716 1728 770 1775 sunt
779 1728 873 1788 peccata
883 1740 953 1780 mor-

176 1807 207 1844 ra.
240 1808 291 1857 rgo,
305 1809 349 1846 eo.

175 1869 306 1931 mererer,
318 1869 356 1930 qui
373 1869 424 1919 citro
445 1870 519 1919 utitur
538 1869 566 1920 ad
583 1869 757 1924 delectationem
778 1869 880 1934 tantiam,
896 1885 952 1924 non

143 1943 224 2002 peccat
233 1939 364 1988 mortalilcr.
379 1940 454 2002 Ergo,
468 1939 519 2003 pari
528 1938 630 2002 ratione,
643 1940 682 2005 qui
696 1940 767 1990 utitur
776 1942 951 1994 uxoretantirnr

178 2080 339 2142 (Coscunsro.
353 2080 538 2142 -Copnoscens
551 2095 644 2133 uxorem
659 2081 708 2134 sold
717 2081 817 2133 libidinis
829 2086 851 2132 et
865 2083 949 2136 delec-

146 2149 238 2201 tationis
247 2149 325 2213 causd,
340 2149 427 2199 nulium
441 2148 500 2200 alind
510 2152 594 2202 bonum
606 2152 743 2203 matrimonii
757 2151 837 2202 habitu
849 2152 886 2202 vel
895 2159 955 2206 actu

144 2221 284 2286 intendens,
295 2221 419 2272 mortaliter
429 2227 525 2286 peccat,
540 2227 566 2273 ut
576 2224 701 2276 declaratur
715 2222 785 2286 laic.)

179 2363 215 2427 (1)
230 2367 275 2412 Vel
287 2366 311 2411 ira
325 2371 390 2411 textu
404 2365 522 2422 sentent„
537 2367 578 2413 lib.
600 2369 648 2428 lv,
662 2369 717 2414 dist.
733 2367 773 2424 al,
788 2365 804 2428 ξ
817 2367 849 2418 8,
864 2369 904 2415 nbi
918 2385 950 2420 ex

147 2429 272 2486 Gregorio.
288 2428 330 2473 lib.
343 2429 400 2484 Xll,
415 2430 490 2486 Epist.
512 2429 559 2488 2¹,
576 2430 609 2476 sic
625 2431 740 2476 refertur:
762 2430 808 2477 Vir
821 2441 873 2476 cum
882 2445 947 2491 pro·

142 2493 207 2548 prio
216 2491 319 2548 conpares
329 2491 451 2536 dormiens
461 2525 467 2548 ‚
477 2494 529 2538 oiri
542 2493 606 2538 loires
616 2497 691 2552 opud,
703 2493 835 2539 Ecclesiam
847 2494 950 2544 intrare

146 2563 199 2598 nco
210 2552 289 2606 deden·
298 2555 408 2610 quamvis
417 2555 483 2600 enaim
492 2555 595 2601 dicerem
603 2556 730 2600 omasum
737 2557 849 2601 notiones
857 2555 887 2601 ds
898 2559 947 2606 Ina

146 2625 176 2659 ra
195 2614 293 2661 diuersa
307 2617 425 2668 emicent,
439 2617 523 2664 etalio
537 2617 659 2664 custudire
670 2618 815 2667 manetur.
828 2618 950 2667 amoo-

147 2687 207 2740 ram
226 2682 306 2723 tamam
319 2690 412 2736 semper
429 2678 459 2724 ad
476 2679 660 2737 unianimiter
680 2693 739 2727 aaut
755 2681 823 2739 [eat.
833 2684 887 2738 port
902 2685 951 2730 od.

147 2739 293 2785 miaetr’oraem
303 2741 429 2799 commas,
441 2745 463 2788 ot
476 2741 571 2786 lauacri
580 2743 781 2800 purificationem
791 2753 912 2800 quaerere,
926 2753 949 2796 aa

148 2800 178 2845 od
190 2803 303 2861 inpressu
317 2803 429 2849 Ecclesiae
444 2804 579 2864 pantolium
590 2810 731 2864 temperare.
746 2805 847 2862 Indeque
860 2803 884 2849 lu
898 2808 946 2856 De-
976 2807 977 2818 ¹

148 2866 233 2917 aratio,
246 2862 320 2912 ilausd
331 2867 425 2913 XXXIII
432 2883 445 2926 ‚·
454 2877 495 2924 qu.
507 2865 537 2926 l,
549 2877 602 2924 cap.
619 2865 675 2919 Vir,
688 2867 797 2926 expresse
807 2865 912 2915 retertur.
