1948 3312
280 179 310 219 ou
324 179 415 219 enorcro
432 181 565 231 nonnulii,
579 181 632 221 ere.
685 202 687 210 ι
807 181 852 228 otri

351 363 510 414 reticulos
524 366 552 416 ll.

168 483 752 543 vtrrimlodioinmfietpertooniiooemooouiem.
790 539 792 542 ,

76 609 121 662 ed
140 609 264 661 eeouuduur
280 608 315 660 nio
329 607 466 673 proceditur.
481 609 574 665 videtin
584 611 645 675 quod
654 612 779 676 judicium,
791 612 847 665 illud

36 685 169 744 querutum
179 680 207 730 ed
221 678 406 742 disceptationem
415 683 440 730 et
450 681 595 742 uenientium,
606 681 646 732 iiet
657 695 699 748 por
710 685 847 736 locutionem

36 751 168 801 vocalem.
178 747 545 812 orric,rtlugustirmnicil,lill.
553 750 734 803 molnitum·
743 754 804 819 (cup.
812 755 848 817 l),

39 835 58 866 ιι
65 831 119 882 per
127 821 186 881 quot
194 817 243 870 dien
255 817 357 869 loturum
366 815 526 879 nociudioinm
536 821 648 884 nudetur,
655 821 766 874 incertum
776 827 846 874 ent.»

35 886 95 941 Sed
107 901 160 941 non
169 891 231 940 esent
243 889 364 950 incertum,
373 889 394 939 ei
403 889 443 940 ille
452 901 504 954 qno
515 889 635 954 injudicio
642 890 846 956 dicuuturluturr,

37 957 149 1010 tumirrm
163 957 290 1010 monmdter
301 957 475 1024 complerentur.
485 959 545 1023 lieno
552 959 730 1024 judioiumillud
741 965 849 1018 rocuiiter

7 1081 9 1087 ,
40 1030 104 1094 flet,
127 1031 154 1080 el
167 1035 214 1080 eon
230 1024 304 1080 nolim
317 1029 453 1080 mentaliter.

78 1105 111 1152 2.
130 1101 254 1162 erotema,
275 1095 394 1162 eropum
416 1099 487 1160 dicit,
501 1104 526 1151 et
539 1099 637 1151 hebetur
654 1101 679 1152 in
697 1103 772 1154 littere
785 1105 846 1166 (lli.

41 1172 125 1222 Serri.
137 1170 149 1234 l
161 1170 210 1234 lli:
224 1167 283 1220 «lili
295 1169 374 1220 erilem
382 1168 451 1220 derbe
463 1169 660 1232 immisionem,
670 1170 770 1236 quiejm
778 1173 846 1224 iidem

41 1241 127 1292 verbo
143 1243 275 1292 tenuerunt.
291 1237 366 1290 onoc
381 1243 458 1291 eutem
475 1245 520 1290 nou
533 1241 608 1302 potest
625 1239 721 1304 intelligi
735 1243 764 1292 de
779 1243 848 1295 cerlo

40 1309 176 1372 interiori,
189 1309 243 1373 quie
254 1310 288 1360 eic
302 1321 382 1360 omues
397 1311 470 1361 rerloe
482 1308 569 1360 iudicis
586 1310 694 1372 audient,
708 1311 761 1374 quie
773 1313 848 1364 omui·

44 1380 97 1432 bus
107 1383 153 1442 ‚et
165 1379 232 1430 ionis
240 1383 265 1430 et
277 1379 342 1430 melin
351 1415 358 1440 ,
368 1387 422 1431 note
436 1383 503 1430 erunt
516 1378 591 1430 omnia
605 1381 664 1430 lectu
676 1379 780 1432 eliorum.
788 1381 848 1447 Ergo

44 1451 148 1502 uidetur
163 1449 224 1513 qued
235 1449 344 1512 judicium
357 1449 412 1501 illud
421 1451 530 1502 vocaliter
539 1453 670 1514 peragetur.

76 1525 112 1570 e.
125 1521 249 1582 Pielereu,
260 1521 365 1572 mulslim
377 1519 500 1573 eenenddm
514 1521 609 1572 lormem
618 1521 718 1572 dominic
725 1521 845 1586 indiculit

46 1590 76 1642 in
92 1603 141 1656 que
155 1588 299 1656 corporaliter
310 1591 452 1655 ubomuilrne
466 1590 537 1654 possit
545 1590 625 1642 rideri.
639 1591 699 1654 lirgo
712 1593 793 1643 eudem
809 1605 848 1643 re·

46 1661 120 1715 sione
134 1657 224 1712 ridetur
239 1657 299 1724 unii
320 1659 429 1724 corporali
449 1673 505 1712 roco
520 1659 639 1725 loquetur,
652 1665 679 1711 ut
692 1661 722 1714 eir
743 1663 849 1714 omninno

48 1731 172 1785 animem.
517 1774 519 1779 .

85 1801 135 1854 Sed
143 1805 230 1863 contre,
241 1801 379 1866 lngtrelinoe
389 1801 452 1864 dicit,
463 1793 513 1852 xl.
528 1801 566 1852 De
576 1801 655 1853 violi.
671 1801 720 1852 liei
730 1802 789 1868 (cep.
807 1805 847 1866 lt,

49 1873 82 1926 ut
93 1870 311 1937 rememoremini
323 1871 402 1922 niilrer
413 1869 477 1933 vitm,
489 1871 519 1921 de
528 1883 573 1935 qno
584 1871 696 1936 Apoool..
710 1872 767 1934 llll,
780 1882 846 1936 qum·

52 1942 110 1994 dem
127 1941 164 1992 rin
178 1940 322 2004 intelligendu
334 1947 370 1992 eet
378 1942 470 2003 divine,
480 1953 525 2005 qne
536 1941 575 1992 eet
585 1945 612 1992 ut
621 1941 703 2006 cuique
714 1954 782 2006 opere
794 1955 845 2003 nou,

51 2013 97 2063 uel
109 2011 168 2063 boun
182 2011 218 2062 rei
229 2012 301 2072 mele,
309 2015 389 2062 ennete
398 2012 423 2062 in
432 2010 564 2064 memorium
577 2016 719 2074 reuocentur,
732 2017 755 2062 ei
763 2011 849 2062 mentio

52 2082 143 2134 intuitu
168 2081 225 2133 miri·
245 2081 360 2134 celeriiute
383 2088 516 2144 comentur,
534 2086 560 2132 nt
581 2085 672 2134 accuset
696 2082 733 2132 rel
755 2085 850 2133 excuset

55 2151 156 2204 ecientie
168 2150 417 2216 mumienliem‚etque
425 2151 458 2204 ite
467 2154 566 2203 simulet
574 2163 653 2203 omues
661 2149 849 2216 eteiogniiludi·

54 2223 147 2272 centur.
160 2232 175 2269 ι
189 2219 233 2272 Sed
250 2220 272 2272 ei
287 2220 393 2272 vocaliter
409 2221 571 2274 discuterentur
592 2221 671 2272 merite
688 2219 847 2282 singulorum,

55 2297 107 2341 nou
124 2293 218 2354 possem
238 2291 318 2342 ommes
336 2294 360 2340 et
376 2290 459 2354 eiugoli
472 2289 570 2354 iudicerl
586 2287 663 2340 cimel.
684 2287 742 2351 mo
759 2287 848 2339 uidetur

56 2356 122 2422 quid
132 2357 171 2410 ille
187 2359 298 2411 discussio
311 2369 356 2409 rou
370 2359 413 2409 erit
428 2359 522 2411 rocelie.

92 2429 220 2491 erotema,
234 2429 347 2480 menide
366 2427 562 2494 proportionaliter
576 2427 644 2480 donet
656 2426 785 2484 testimonio
801 2439 849 2479 rer·

58 2499 169 2565 pondere.
183 2499 230 2550 Sed
241 2498 396 2551 testinnonium
406 2504 430 2550 et
441 2497 554 2549 accuratio
566 2501 591 2550 et
601 2496 718 2548 ercueetio
726 2497 769 2547 erit
779 2509 848 2548 meu-

58 2571 126 2633 leiie3
145 2570 206 2623 nude
226 2569 342 2628 liorn.,li
362 2584 368 2621 :
390 2567 583 2620 «Testimonium
601 2568 709 2619 reddente
729 2567 775 2619 illie
793 2580 849 2618 cou-

59 2638 155 2694 oeieulil
173 2639 288 2706 ipsnmm,
300 2643 324 2690 ei
336 2638 396 2690 iuter
407 2653 433 2692 ne
446 2639 544 2690 inuicem
563 2637 722 2702 cogitnicrom
740 2649 849 2689 amusem-

94 2789 130 2856 (l)
139 2795 175 2840 Ex
185 2791 227 2838 llo.
238 2791 290 2838 livi
300 2789 399 2842 Hormi..
406 2801 459 2848 oep.
471 2787 512 2848 Sl,
520 2791 544 2836 iu
555 2790 656 2848 antiquie
666 2789 846 2846 exemplarium,

64 2857 102 2904 tel
113 2854 143 2902 2⁰
155 2855 180 2902 lu
191 2851 315 2900 modenule.
660 2858 661 2866 ¹
