1976 3306
199 167 230 203 ne
245 155 413 203 nrsnrrnonnrrt
427 159 459 197 nr
471 157 577 200 snsnrmn
591 157 645 208 ner,
662 157 715 196 nno.
804 147 848 196 itt

37 244 135 294 fecte.
150 233 181 291 de
192 239 244 303 quie
257 237 322 301 ontpe
336 236 361 286 in
373 237 507 300 perpensum
520 233 545 282 in
553 242 581 284 ee
593 231 707 296 manebit,
716 231 769 286 ideo
781 232 847 288 etiem

36 325 127 380 prena
140 309 185 362 erit
195 311 311 374 perpetue.

86 383 123 434 nd
132 384 223 432 sextum
233 379 363 439 dicendum,
372 375 433 440 qnod
442 387 510 439 poeun
528 374 651 439 respondet
661 371 849 440 nutrimentorum

37 453 181 518 loquendo,
197 448 321 505 secundnm
334 446 521 499 inordinationem
531 459 583 510 oum
593 443 708 496 inuenitur
719 445 745 497 in
757 446 817 510 ipsa,
825 451 848 500 et

36 537 104 579 non
121 521 244 576 secundnm
257 519 393 584 dignitatem
408 519 459 583 ejus
473 517 499 567 in
519 529 587 578 onem
604 519 727 581 ementur
743 519 796 581 qun
813 520 849 571 sie

39 593 151 649 cuilibet
162 595 256 658 peceato
263 590 411 654 responderet
419 600 486 648 omne
494 587 583 638 induite
592 586 730 638 intensione.
741 589 849 648 Quemvis

37 677 115 736 ³¹8⁰,
125 675 155 715 ex
167 665 211 712 troo
222 661 283 726 qnod
293 659 375 726 niquis
388 661 469 723 petent
480 660 558 708 eontra
570 658 641 708 Deum
648 693 658 721 ,
668 657 709 721 qni
721 662 846 713 ostendier

37 733 166 795 essendi,
181 735 292 784 merentur
313 729 389 793 ipsum
412 742 464 778 erse
485 726 601 788 emittere,
615 727 754 780 considerati
771 733 848 782 minen

39 807 130 874 ipsius
145 801 209 854 notris
221 799 401 862 inordinatione,
410 809 456 850 reon
469 797 564 850 debetur
573 799 595 852 ei
607 799 702 850 omissio
716 815 781 864 essm
793 789 847 866 onie

38 889 106 928 esse
115 871 294 938 praesnpponitnr
303 869 331 922 nd
342 869 449 920 meritum
460 871 485 920 et
497 867 644 932 demeritum,
653 882 696 920 nee
709 883 750 934 per
762 870 848 922 inordi·

39 945 170 999 nationem
183 941 272 1006 ponenti
291 953 341 991 esee
358 939 444 992 totlitur
457 939 495 990 eei
512 939 673 1004 eorrnmpitnr.
688 939 718 991 dt
732 940 786 994 ideo
800 955 847 998 non

40 1016 201 1084 potestesse
213 1011 289 1064 debite
307 1021 377 1074 poene
387 1009 485 1078 elimino
505 1009 594 1073 eninm,
604 1009 701 1074 privatio
717 1010 797 1074 ipsios.

338 1181 499 1238 inurendus
512 1185 541 1236 ti.
554 1196 558 1204 ’

48 1315 145 1366 Utrum
160 1325 205 1372 per
212 1311 319 1358 divinum
328 1309 515 1357 mesericordiam
526 1311 605 1356 omnio
616 1322 686 1368 poesn
695 1314 846 1374 demiretur,

242 1379 293 1422 tam
305 1373 427 1420 dominnm
435 1375 511 1430 nerim
519 1373 659 1420 nummum.

81 1505 120 1560 nd
127 1503 252 1556 seeundum
259 1502 293 1553 oio
306 1501 445 1566 ementitur.
456 1501 555 1554 Videtur
566 1501 627 1566 qnod
638 1515 679 1566 por
689 1502 788 1554 divinem
801 1507 844 1556 mi·

42 1574 199 1634 sericordiam
208 1572 282 1624 omnis
291 1583 358 1636 poene
367 1572 509 1634 terminetur,
518 1576 565 1624 tam
574 1572 691 1624 hominnm
701 1572 768 1636 quim
777 1575 846 1628 etiam

41 1653 192 1703 daemonnm.
208 1645 333 1707 sapient,
346 1643 378 1694 iii
390 1656 399 1691 r
413 1658 430 1691 u
440 1641 531 1692 timeris
542 1642 658 1705 omnium,
672 1643 775 1707 Domine,
786 1658 844 1710 qno-

41 1721 115 1772 niam
128 1715 205 1767 omnir
221 1717 295 1778 potes.
312 1712 384 1762 »Sed
397 1711 458 1762 inter
467 1712 543 1764 omnin
559 1713 628 1764 etiem
643 1712 757 1764 demones
769 1715 844 1766 conti·

42 1793 152 1848 nentur,
167 1787 206 1850 qni
223 1788 278 1836 sunt
288 1783 329 1835 dei
345 1786 460 1836 meamne
478 1784 538 1848 itero
550 1787 575 1836 ot
591 1784 701 1848 ipsornmt
715 1786 844 1838 daemonnm

64 1871 121 1914 oene
137 1858 235 1907 finietur.

42 1879 62 1928 p
80 1935 109 1980 d.
123 1929 251 1984 erederet.
265 1926 347 1979 item„
356 1924 407 1976 iii:
425 1939 441 1974 e
455 1923 570 1975 Coneinsit
579 1923 640 1975 nens
649 1926 726 1976 omnio
736 1925 778 1977 snb
791 1939 845 1992 pee-

44 2005 120 2058 ceto‚
131 2001 158 2048 nt
168 1995 269 2048 omnium
277 1996 430 2048 misereretur.
444 2011 460 2043 s
469 1994 515 2045 Sed
527 1995 588 2044 dens
603 1996 719 2046 demones
735 1997 777 2046 sui
787 2008 841 2059 nee·

43 2074 105 2122 cato
120 2065 248 2127 concinnit,
261 2066 351 2128 idest,
362 2064 467 2117 eonotodi
482 2063 596 2128 permisit.
614 2065 673 2127 Ergo
684 2065 773 2116 ridetur
782 2063 843 2129 qudo

43 2141 123 2193 etiem
131 2137 259 2187 demonum
270 2138 406 2200 quandoque
418 2135 561 2186 miserentur.

83 2214 108 2259 3.
131 2207 257 2265 Pronoea,
278 2207 338 2257 sient
358 2207 413 2256 dicit
435 2207 555 2256 dnsolmus
579 2205 603 2257 iit
625 2205 687 2258 libro*
707 2207 761 2259 Cor
778 2205 845 2276 qens

46 2283 142 2338 homo,
157 2293 171 2325 o
184 2287 230 2326 non
242 2279 277 2326 est
288 2277 376 2340 justum
391 2279 418 2324 nt
435 2277 496 2325 dens
505 2277 642 2338 ornaturam,
660 2290 728 2340 quam
746 2276 801 2327 tecit
815 2277 844 2327 ed

46 2347 230 2407 beatitudinem,
241 2347 334 2398 omnino
350 2344 424 2410 perire
432 2345 500 2396 sinat.
511 2361 528 2394 o
538 2347 597 2408 drgo
606 2346 704 2409 ridetur,
713 2345 765 2397 enm
779 2345 846 2410 qum

46 2422 108 2472 libet
119 2422 219 2469 ereetum
226 2413 339 2468 'retiountis
350 2419 425 2466 ereata
438 2415 509 2466 tuerit
517 2417 545 2466 nd
552 2415 724 2478 beatitudinem,
734 2429 781 2466 non
791 2429 843 2470 esse

46 2492 141 2556 justione
150 2490 177 2536 ut
186 2485 278 2538 omnino
288 2487 362 2552 perire
372 2485 523 2549 permittetur.

82 2557 217 2608 sedeontre
231 2560 279 2616 est,
291 2558 351 2620 quod
367 2554 450 2607 dieitur
463 2556 569 2614 Mettis„
577 2553 657 2607 XXV:
675 2554 812 2606 «dnoedite
828 2556 843 2608 t

49 2639 105 2689 nne,
120 2624 372 2690 nundentonam
385 2630 509 2687 eternum,
517 2625 558 2688 oui
573 2628 667 2689 paratus
675 2629 710 2676 est
720 2625 810 2678 diodoto
819 2630 843 2676 et

51 2696 141 2761 meotis
151 2697 232 2760 ejus.»
248 2695 306 2759 drgo
318 2697 451 2748 eternaliter
461 2696 592 2760 pendentum

83 2766 339 2828 Praeterea‚sientironi
352 2768 425 2832 engeii
436 2768 511 2820 edenti
523 2771 577 2818 sunt
585 2766 647 2819 beati
655 2780 696 2832 ner
709 2765 840 2820 monnesio-

53 2849 106 2894 oem
119 2838 147 2887 nd
158 2837 241 2898 itenm;
256 2839 289 2889 its
298 2837 353 2888 meli
366 2839 441 2902 angeli
451 2839 528 2892 edenti
539 2842 591 2895 sent
602 2838 680 2892 miseri
693 2841 733 2907 per
741 2837 841 2892 eversio-
