1924 3322
178 147 208 186 οε
225 145 336 184 ruuoooe
350 147 380 184 ur
396 146 462 184 trouu
479 145 690 186 uusuuurucuruurs.
788 136 833 182 tur

17 224 108 276 rificut.
128 224 158 274 Et
172 223 233 274 istud
252 223 383 288 angelorum
406 222 556 273 ministerium
575 223 658 273 dieiuur
674 238 738 278 uox,
751 236 832 275 seeun-

16 297 74 346 dum
87 307 164 345 unam
178 294 403 358 expositionemque
417 294 518 358 tangitur
531 294 555 344 iu
568 295 642 346 littera
654 294 701 360 (lv
711 295 835 353 Seoteot„

18 369 58 420 uhi
81 365 186 431 supro).

49 441 87 490 td
104 439 206 504 primum
220 440 283 501 patet
295 437 377 488 solutio
392 452 420 487 ex
435 438 512 488 dietis.

49 512 86 562 Ad
106 510 234 561 secundum
251 509 370 559 dicendum
380 547 387 570 ,
397 509 457 572 quod
472 509 621 560 ministerium
636 509 695 560 istud
711 509 755 560 erit
771 510 834 574 priu-

17 583 135 646 oipaliter
144 581 213 630 unius
227 581 371 644 archangeli,
381 581 470 631 seilicet
483 582 610 645 Michaelis,
624 583 662 646 qui
674 586 709 633 est
726 583 835 647 princeps

18 654 150 716 Ecclesiae,
162 652 221 702 sieut
239 653 282 704 fuit
303 653 429 716 Spnugogae
446 654 517 714 (sieut
535 654 616 704 dieitur
630 655 704 714 Duo,
721 655 779 716 X),
793 656 834 718 qui

18 732 102 778 tumen
116 728 171 784 ogei
185 737 214 774 ex
228 723 346 774 influentia
358 724 466 774 uirtutum
478 728 502 774 et
513 724 607 792 otiorum
620 726 761 790 superiorum
771 727 832 776 oroi·

20 811 92 858 uum3
105 795 171 846 uude
188 797 248 856 quod
259 795 307 860 ipse
324 795 409 857 reciet,
421 796 549 860 superiores
562 796 653 846 ordines
666 797 832 860 quodammodo

21 869 121 918 sacient.
139 865 250 918 Similiter
263 867 382 918 interiores
395 867 469 931 augeli
487 868 667 932 cooperabuntur
681 867 704 918 ei
718 868 777 918 circu
795 883 831 919 re·

22 938 195 990 surrectionem
215 938 373 1002 singulorum,
384 951 481 1002 quorum
492 939 602 990 custodie
615 939 717 1004 deputati
730 940 831 990 iueruut.

23 1013 51 1062 ut
64 1012 102 1062 sie
121 1024 170 1062 uox
189 1010 229 1062 illu
242 1010 326 1075 poterit
338 1009 384 1060 diei
401 1025 458 1062 unus
476 1016 499 1062 et
513 1012 611 1076 plurium
631 1011 771 1077 augelorum.

370 1199 478 1214 m

272 1355 439 1426 uuuutto
457 1356 599 1426 LXXIX.

28 1498 60 1546 De
76 1504 189 1559 tempore
207 1503 229 1546 et
242 1499 312 1546 modo
335 1479 541 1552 resurectionis,
553 1501 583 1548 iou
599 1501 705 1559 quotuor
717 1500 836 1546 articulos

385 1572 475 1618 diuisa.

36 1792 41 1801 ν
56 1722 148 1804 Deinde
170 1721 359 1773 considerandum
377 1726 412 1772 est
426 1722 454 1772 de
475 1725 576 1786 tempore
592 1723 616 1772 et
634 1721 701 1772 morlo
722 1733 835 1772 rerurrec-

27 1796 128 1916 uonclisreu
148 1865 211 1928 quod
224 1867 356 1928 queruntur
369 1867 465 1930 punitur
482 1879 489 1916 ε
506 1869 533 1914 1⁰
547 1865 625 1916 Uirium
642 1867 733 1929 ternpus
752 1868 835 1916 nostru

29 1935 203 1988 resurrectionis
214 1936 410 1999 oporteatditterri
419 1950 490 2000 usque
501 1937 529 1988 ud
540 1937 607 1988 tinem
618 1936 706 1986 mundi.
715 1941 743 1985 2⁰
753 1936 833 1986 Utrum

29 2011 121 2070 tempus
140 2008 196 2058 ittud
218 2007 249 2058 eit
262 2008 383 2060 oecultum.
404 2013 430 2058 3⁰
448 2007 528 2060 Utrum
547 2009 687 2060 resurreetio
702 2009 741 2058 tet
759 2006 835 2058 noetis

29 2081 142 2143 tempore.
160 2083 186 2130 t⁰
201 2078 282 2130 uorum
295 2080 334 2130 oet
346 2077 430 2130 subto.

338 2257 498 2310 euronotus
514 2259 532 2309 t.

37 2389 124 2434 Utrum
137 2392 230 2446 tempus
239 2391 326 2432 uostroe
342 2387 521 2433 resurrectionis
539 2389 646 2442 oporteat
662 2384 755 2444 differri
764 2397 839 2443 usque

330 2452 362 2496 ud
367 2453 440 2506 struem
449 2450 540 2496 oruudt.

22 2623 25 2630 .
64 2583 97 2634 tu
112 2581 212 2646 primurn
226 2580 260 2631 sie
277 2580 415 2644 proceditur.
430 2580 525 2632 Videtur
537 2580 598 2644 quod
613 2583 705 2644 ternpus
722 2594 839 2632 resurreo

34 2652 103 2704 tionis
121 2667 168 2704 nou
183 2656 288 2716 oporteat
301 2652 386 2704 diiierri
399 2666 470 2716 usque
481 2653 514 2702 ud
527 2651 597 2702 tinem
611 2650 705 2711 muudi,
718 2657 743 2703 ut
758 2665 839 2704 omues

36 2724 100 2774 simut
115 2729 244 2787 resurgunt.
262 2723 334 2788 ttujor
344 2728 378 2775 est
388 2724 449 2774 enirn
459 2724 620 2774 conuenientia
633 2725 715 2788 capitis
727 2727 755 2774 od
767 2739 840 2775 mero-

36 2795 87 2860 buu,
97 2797 165 2862 quitur
180 2797 332 2847 membrorum
344 2797 371 2846 ari
392 2797 504 2857 inuicem
520 2795 580 2846 siout
594 2809 669 2846 euusae
683 2797 712 2847 ud
724 2797 835 2858 effectus,

38 2879 102 2930 quau
114 2869 238 2922 effectuum
251 2868 279 2920 ed
292 2867 402 2920 inuicem.
412 2867 457 2920 Seu
469 2867 571 2919 Christus
581 2905 587 2931 ‚
599 2867 640 2933 qui
651 2871 687 2919 est
696 2873 765 2935 ruput
781 2880 837 2920 uos-
