1922 3332
129 153 174 203 382
273 163 478 212 senseramus,-
488 162 582 208 Quaen.
599 161 673 214 cxxv,
688 161 744 202 aar.
761 163 779 202 1.

158 241 191 291 ld
206 240 311 306 quintum
331 240 469 303 dicendum,
484 238 545 302 qandd
559 239 618 290 sicat
632 252 661 290 er
678 241 811 291 auctoritate
826 237 921 302 Gregorii

126 313 218 363 inducta
234 316 315 377 petel,
334 328 348 360 «
363 311 484 374 sancli(ut
498 312 593 375 angeli)
607 325 653 362 nen
668 312 749 362 volunt
767 311 811 362 nisi
823 313 883 377 quod
900 311 921 360 in

126 384 206 434 divina
219 385 336 434 voluntate
349 382 504 448 conspiciunt3
515 398 529 430 n
538 383 603 434 etita
614 383 683 434 eliani
695 381 755 433 nihil
765 384 826 436 aliud
839 387 923 448 petunt.

125 456 172 506 Nec
183 460 258 505 tamen
273 455 345 506 oratio
364 469 441 506 eornm
452 459 488 506 est
497 455 651 515 infructuosa,
664 455 726 520 quia,
741 455 801 505 sicut
813 455 868 506 dicit
884 457 923 504 aa.

126 528 231 592 gustinus
245 528 269 578 in
283 527 340 577 libro
354 529 391 578 De
404 528 788 590 Pnoedestinctionesanctornm
801 529 864 592 (cap.
875 527 924 589 aa),

127 600 240 652 orationes
249 603 378 651 sanctorum
390 600 558 665 praedestinatis
570 604 676 664 prosunt,
687 599 739 663 quie
748 598 808 650 forte
817 598 924 666 preordi-

127 674 207 720 natum
221 673 258 720 est
278 674 302 720 ul
323 671 512 722 intercedentium
537 669 675 722 orationihus
692 671 817 721 salventur.
834 669 925 731 Elina,

128 742 196 791 eliam
206 742 265 792 ileus
275 742 326 792 vult
336 745 361 792 ut
375 743 512 794 orationibus
525 747 654 794 sanctarum
666 738 787 806 impleatur
799 741 859 794 illud
870 743 924 807 qued

128 813 203 863 sancti
219 813 299 864 vident
310 829 362 866 euna
378 815 445 866 velle.

161 885 195 934 dd
207 889 296 936 sextam
311 887 439 947 dicendum,
455 887 512 951 quod
526 885 632 949 suffragia
647 885 752 936 Ecclesiae
763 899 805 950 pra
814 879 925 936 defunctis

127 961 181 1006 sunt
192 956 256 1020 quasi
267 959 371 1022 quedam
385 957 550 1009 satisfactiones
567 957 692 1007 viventium
707 957 756 1007 nice
773 961 925 1016 mortuorum

129 1031 152 1077 cl
166 1027 291 1079 secundina
307 1031 350 1080 hoc
359 1033 458 1081 mortuos
471 1029 484 1080 a
495 1042 563 1094 poena
574 1028 693 1079 absolvunt
701 1067 708 1091 ,
716 1041 783 1093 quarn
794 1042 841 1079 nan
854 1029 927 1080 solve·

128 1104 189 1150 runi.
203 1101 247 1150 Sed
258 1102 331 1152 sancti
343 1102 383 1164 qui
395 1105 449 1152 sant
464 1100 489 1152 in
506 1100 592 1164 patria,
603 1113 648 1150 non
658 1105 710 1150 sunt
724 1099 748 1148 in
761 1102 822 1150 statu
837 1099 926 1148 salisia-

128 1170 212 1221 ciendi.
233 1173 261 1221 Et
278 1172 328 1223 ideo
348 1186 394 1224 ncn
418 1175 453 1224 est
471 1173 546 1224 simile
561 1171 589 1224 de
609 1183 687 1225 eccum
707 1171 848 1222 orationihus
862 1175 886 1222 et
902 1168 926 1218 de

128 1243 240 1308 suffragiis
258 1243 374 1297 Ecclesia.

469 1373 587 1391 dun—-

373 1543 538 1616 disseio
557 1540 679 1609 LXXV.

161 1697 196 1747 De
207 1699 286 1758 cienda
300 1710 352 1757 qrace
363 1697 493 1756 indicium
503 1694 657 1754 precedent,
669 1695 698 1739 in
712 1697 759 1740 trac
773 1686 896 1741 articulos

480 1768 569 1820 divisa.

160 1929 243 1982 Deinde
257 1928 446 1981 considerandum
468 1931 502 1978 est
516 1928 543 1978 de
560 1926 694 1990 signisque
709 1925 821 1990 jndiciarn
839 1937 926 1992 praece·

128 2003 225 2122 tergm
237 2072 298 2137 qncd
314 2073 446 2135 queruntur
455 2069 513 2120 tria:
529 2069 645 2120 canaram
659 2069 782 2120 adrentum
796 2071 889 2122 Domini
901 2063 951 2119 ad

125 2144 238 2208 judicium
254 2141 357 2206 aliqua
339 2155 404 2206 signa
417 2143 555 2206 precedent
570 2145 596 2192 2⁰
611 2139 691 2192 lltrdm
705 2141 830 2192 aecundlrm
842 2143 876 2193 rei
889 2154 926 2192 ne

127 2216 217 2267 ritatem
236 2214 269 2266 sel
283 2217 306 2263 et
319 2213 373 2263 luna
383 2211 498 2263 obscurari
509 2218 564 2264 tunc
581 2213 686 2264 debeam.
695 2216 723 2261 3ο
732 2211 813 2263 Ulrdm
824 2214 924 2264 llirtnrtes
934 2237 951 2290 .l

127 2287 233 2338 caelorum
246 2284 342 2338 llcminc
355 2286 462 2337 veniente
474 2287 634 2338 monebantur

430 2477 587 2530 annicetus
603 2478 621 2528 1.

157 2617 241 2662 Utricm
262 2617 344 2675 aliqua
363 2617 434 2674 siena
449 2615 583 2722 presidentem
598 2615 727 2660 adventum
748 2613 847 2658 110ιηίηέ
871 2612 903 2657 ad

453 2691 485 2734 jc
502 2691 574 2723 acram

160 2821 193 2872 ild
204 2823 302 2886 primum
315 2822 348 2874 sic
366 2821 501 2886 proceditur.
519 2805 612 2871 llid'etur
627 2817 686 2882 qudd
700 2816 823 2868 adventum
836 2813 923 2868 Domini

129 2893 275 2959 adjudicium
291 2908 338 2946 nan
351 2894 479 2958 precedent
494 2891 597 2956 aliqua
580 2903 670 2956 signa:
683 2888 736 2952 quia
748 2885 867 2946 Thessal„
882 2887 923 2936 ll

10 3175 273 3290 Α.
