1966 3304
318 60 349 98 un
363 61 462 103 marono
478 60 586 100 nmunu.
676 55 680 63 ’
805 55 853 104 ibt

52 135 145 187 duetad
160 137 246 188 bonum
256 133 392 200 prolis‚erit
403 136 490 200 delego
505 141 604 200 natorae3
615 147 662 190 non
673 140 751 190 autem
765 152 848 192 secun·

51 206 101 258 duim
115 206 182 273 quod
198 206 298 273 pertinet
316 207 344 256 ad
358 205 443 258 bonum
461 209 617 258 sacramenti.

75 279 112 330 bd
125 279 221 330 tertium
232 279 296 343 patet
308 278 391 330 solutio
405 291 434 329 ex
448 278 516 330 dictis
531 278 573 340 (in
586 293 649 347 corp.
662 281 705 329 art.
718 280 737 344 ).
802 326 804 331 .

76 351 112 402 Aci
124 354 233 416 quartum
245 348 378 412 dicendum,
388 348 449 414 quod
462 352 634 402 matrimonium
644 351 802 418 principaliter
815 369 853 406 or-

46 421 139 474 dinatur
156 423 186 474 ad
195 423 281 474 bonnm
292 435 427 486 commuue,
441 421 528 474 ratione
542 423 675 488 principalis
690 423 756 484 linis,
767 427 807 489 qui
817 430 854 478 est

46 495 132 547 bonum
144 497 234 560 prolis;
251 493 356 560 quamvis
367 493 436 545 etiam
452 493 538 547 rationo
551 493 604 544 linis
620 496 749 546 secundarii
763 497 854 550 ordine-

46 570 81 616 tur
93 567 123 618 ad
140 568 228 618 bonum
242 579 345 632 personae
359 565 529 618 matrimonium
541 567 715 632 contrahentis,
727 573 794 634 prout
811 584 853 633 per

46 651 69 688 se
81 644 118 690 est
132 639 160 689 in
176 639 303 690 remedium
319 637 516 703 concupiscentie.
529 639 558 688 lit
571 637 622 689 ideo
632 637 657 689 in
670 639 759 704 legibus
772 641 853 692 matri·

46 711 115 760 monii
134 709 210 775 magis
231 708 354 760 attenditur
371 708 427 772 quid
448 709 553 764 omnibus
572 709 695 774 expediat,
711 711 780 774 quim
797 712 852 776 qnid

47 783 84 831 nni
97 785 235 846 competere
253 779 336 846 pessit.
350 781 460 840 Quamvis
477 793 531 846 ergo
545 781 684 832 matrimonii
705 782 853 848 inseparabi-

46 852 95 904 litas
108 853 224 922 impediat
238 854 323 904 bonum
334 851 438 916 prolisin
452 853 528 917 aliquo
542 852 648 916 homine,
663 857 739 904 tamen
752 858 786 904 est
796 867 853 906 con-

46 924 142 976 ueniens
159 925 188 976 ad
201 925 287 977 bouum
301 923 372 990 prolis
383 923 528 989 simpliciter.
536 926 564 976 nt
577 927 669 990 propter
679 925 722 976 boc
732 925 790 977 ratio
806 939 852 978 nou

47 995 160 1060 sequitur.

346 1112 507 1166 naticbtbs
522 1113 553 1162 ll.

50 1237 135 1288 Utrr'cm
156 1241 262 1298 potnerit
283 1251 331 1288 esee
350 1239 507 1348 lacgtinmmprer
522 1237 733 1296 dispensationem,
752 1251 850 1286 acoron

405 1315 438 1348 ma
487 1315 507 1346 e.

73 1429 106 1481 id
126 1429 253 1482 secundnm
270 1428 305 1480 sic
320 1427 458 1493 proceditur.
476 1425 645 1490 videturqubd
655 1437 750 1479 uxorem
765 1427 844 1480 dimit-

46 1502 98 1564 tere,
110 1517 154 1567 per
168 1499 363 1565 dispensationem
373 1510 420 1550 non
430 1499 531 1564 potnerit
544 1510 595 1549 csse
604 1497 702 1549 licitum.
713 1499 770 1549 lllud
785 1499 848 1552 onim

46 1575 101 1634 quod
115 1575 154 1625 est
165 1573 190 1642 in
200 1569 344 1624 matrimonio
359 1574 437 1622 contra
447 1571 532 1621 bonum
546 1567 626 1634 prolis,
637 1575 673 1620 est
683 1573 766 1640 contra
775 1571 848 1634 prima

47 1649 159 1710 precepta
169 1644 226 1708 legis
235 1645 337 1705 natura,
351 1656 402 1706 qua
415 1640 599 1706 indispensabilia
617 1644 678 1690 sunt.
689 1641 733 1692 Sed
743 1640 854 1698 dimissio,

46 1717 117 1768 uuous
130 1721 167 1768 est
181 1715 327 1780 hujusmodi,
346 1719 372 1765 ut
383 1727 411 1765 ex
421 1713 490 1764 dictis
503 1716 565 1777 patet
579 1714 641 1777 (art.
657 1715 696 1776 1).
712 1715 770 1778 Ergo
781 1751 788 1778 ,
801 1717 847 1764 etc.

73 1791 97 1838 t,
111 1789 243 1848 Praeterea,
257 1786 381 1838 concubina
396 1785 472 1836 oillert
490 1783 605 1849 precipue
619 1784 647 1834 ab
667 1797 736 1836 uxore
759 1786 784 1834 in
802 1786 848 1835 boc

47 1857 103 1919 qnod
121 1873 170 1912 non
187 1863 223 1910 est
236 1855 417 1922 inseparabiliter
432 1857 521 1920 jnncta.
536 1855 580 1906 Sao
598 1856 683 1907 babere
697 1855 847 1908 concubinam

46 1927 84 1980 luit
101 1929 292 1996 indispensabile.
306 1930 366 1994 Ergo
381 1933 404 1980 et
421 1927 537 1978 dimittere
552 1940 656 1979 uxorem.

74 2005 95 2052 a.
108 2005 227 2053 Praeterea
239 2039 246 2062 ,
256 2001 362 2052 homines
373 1997 405 2050 ita
417 2000 472 2048 sunt
484 1997 551 2049 modo
562 1999 705 2064 receptibiles
722 1999 845 2064 dispensa-

47 2070 124 2136 tionis,
142 2073 204 2123 sicut
224 2071 279 2123 olim
293 2070 395 2122 inerunt.
409 2070 454 2120 Sed
472 2069 540 2120 modo
562 2083 608 2121 non
627 2073 705 2135 potest
720 2068 848 2134 dispensari

46 2155 91 2194 cum
104 2145 182 2210 aliquo
195 2147 243 2207 ,ut
256 2155 351 2194 uxorem
365 2141 478 2194 dimittat·
488 2141 557 2206 Emo‘
565 2154 609 2192 nec
622 2141 686 2192 olim.

72 2215 116 2268 Sed
131 2220 209 2268 contra
221 2252 228 2278 ,
241 2217 301 2280 igar
316 2214 408 2278 cognita
422 2217 458 2264 est
475 2213 503 2262 ab
522 2213 634 2264 Abrabam
647 2211 728 2262 uxorio
740 2211 843 2272 aflectu,

47 2289 67 2335 ut
80 2290 166 2339 dictum
180 2292 217 2339 est
228 2287 287 2352 (qn.
298 2292 337 2350 65,
350 2289 395 2336 art.
406 2285 448 2350 5).
461 2283 506 2335 Sed
516 2283 566 2350 ipse
575 2297 626 2344 oam
640 2285 753 2347 precepto
767 2282 845 2332 divino

47 2357 107 2420 eiecit
118 2360 128 2426 (
138 2360 234 2416 Gener„
250 2357 330 2422 illl),
350 2361 374 2408 et
392 2370 439 2408 non
451 2355 564 2421 peccauit.
582 2355 642 2420 Ergo
657 2353 733 2418 potuit
744 2365 786 2418 per
800 2353 846 2404 dis-

48 2431 199 2490 pensationem
217 2429 268 2484 lieri
280 2428 368 2480 licitum
386 2423 446 2494 quod
469 2429 537 2478 bomo
552 2439 646 2476 uxorem
664 2423 798 2474 dimitteret.

74 2503 237 2565 (Coucnnsro.
248 2529 279 2540 -
287 2502 339 2553 Sine
354 2499 541 2566 inseparabilitas
550 2495 695 2550 matrimonii·
703 2496 762 2547 inter
771 2495 847 2560 prima

48 2575 228 2640 praepotents
245 2578 348 2637 naturae,
366 2574 415 2624 sive
432 2571 492 2624 inter
510 2569 611 2624 secunda
630 2567 787 2634 contineatur,
803 2567 845 2620 sub

49 2641 210 2710 dispensatione
224 2647 305 2698 cadere
319 2645 425 2712 potest.)

75 2719 207 2787 Responteo
221 2717 360 2780 (liberdum,
375 2715 435 2782 quod
455 2713 596 2778 dispensatio
609 2713 635 2762 in
650 2711 770 2778 praeceptis
783 2721 842 2776 prae-
954 2734 958 2785 ἶ

50 2785 106 2854 cipue
123 2803 174 2855 que
192 2793 245 2842 sunt
259 2789 335 2856 aliquo
352 2789 419 2842 modo
436 2785 497 2851 logia
510 2787 611 2850 nature,
627 2786 663 2837 est
676 2783 734 2838 sicut
746 2779 841 2834 mutatio
897 2848 900 2854 f
953 2840 955 2851 ⁴
