2024 3328
164 167 211 220 lta
322 179 523 228 smaunururura,
540 179 635 225 eumer.
648 181 704 229 avt,
718 181 774 222 anan
790 177 807 216 ¹.

165 253 240 320 pallor
250 255 325 320 'quam
340 255 471 320 conjunctio
480 267 608 318 corpomm,
622 255 674 318 quia
685 256 794 320 precedit
804 256 887 319 ipsam.
899 259 976 325 Ergo,

165 327 237 378 multd
250 327 342 389 lortids,
355 325 479 391 spiritualis
491 327 599 390 cognatio
614 325 783 380 matrimonium
798 328 910 392 impedire
926 345 978 396 po-

165 402 211 449 test
223 397 290 462 quim
305 397 409 448 carnalis.

197 470 353 534 (donunusrlt.
366 490 397 506 α
411 468 474 518 Sicut
492 467 589 518 carnalis
602 467 707 530 coguatio
726 468 825 533 impedit
844 469 978 524 matrimo-

166 540 230 589 nium
244 541 422 590 contrahendum
441 553 468 589 ac
481 541 621 589 contractum
637 539 736 600 dirimit,
748 539 780 589 ita
792 544 815 590 et
830 540 977 608 spiritualim

165 623 194 660 ex
206 611 311 662 Ecclesiae
325 615 403 661 tamen
423 613 507 660 statuto
518 646 525 672 ,
537 611 558 660 si
575 609 742 660 matrimonium
762 611 885 673 praecedat.
897 613 914 675 )’

198 683 331 747 Respondet
345 683 472 744 dicendum,
487 678 558 755 quiid,
573 682 632 731 sicut
641 692 683 744 per
694 681 768 731 camis
779 683 979 747 propagationem

166 755 235 804 homo
255 753 336 816 accipit
354 764 405 804 esse
425 757 524 813 naturae,
538 753 570 800 ita
588 764 629 817 per
650 754 791 802 sacramenta
810 753 897 817 accipit
916 767 977 808 esse

167 825 284 890 spirituale
295 823 380 886 gratiae.
396 825 469 884 Unde,
481 823 539 874 sicut
552 823 667 872 ainardum
681 825 741 886 quod
756 837 784 874 er
797 824 872 873 camis
883 839 979 890 propa-

168 896 257 958 gatione
271 895 424 958 contrahitur,
438 899 474 946 est
488 892 575 944 homini
589 895 705 956 naturale,
720 895 742 943 in
757 900 865 958 quantum
879 900 919 946 est
935 912 978 948 res
1005 901 1006 914 ¹

167 969 271 1031 quaedam
286 972 380 1030 naturam
392 967 423 1016 ita
437 965 552 1015 vinculum
562 966 623 1027 quod
641 965 781 1015 'contraditur
796 977 824 1016 ex
836 979 978 1018 sacramen-

167 1043 241 1088 tomm
252 1038 409 1102 susceptione,
418 1041 453 1088 est
463 1037 614 1100 aliquomodo
624 1037 727 1086 naturale
736 1036 812 1100 alicui,
822 1037 847 1086 in
856 1045 978 1102 quantum

169 1114 204 1160 est
217 1111 342 1160 membrum
352 1109 468 1160 Ecclesiae.
479 1109 506 1158 m
518 1105 577 1170 ideo,
588 1107 647 1157 sicut
655 1107 750 1158 carnalis
757 1109 862 1170 cognatio
871 1109 980 1180 impedit

168 1181 347 1242 matrimonium,
361 1181 392 1228 ita
406 1179 538 1243 spiritualis,
552 1191 581 1228 ex
595 1177 702 1229 Ecclesiae
714 1182 808 1229 statuto.
821 1180 908 1230 Tamen
920 1183 977 1232 dis-

168 1252 318 1313 tinguendum
332 1255 366 1302 est
383 1252 411 1300 de
429 1249 541 1313 spirituali
560 1249 707 1313 cognatione3
723 1249 776 1313 quia
791 1253 831 1300 aut
847 1253 977 1314 precessit

168 1321 351 1381 matrimonium,
364 1325 402 1370 aut
415 1321 524 1384 sequitur.
538 1321 564 1370 si
576 1319 707 1383 precessit,
722 1321 817 1384 impedit
829 1324 977 1376 contrahem-

169 1395 235 1453 dum,
247 1398 270 1443 et
280 1391 364 1442 dirimit
375 1396 513 1441 contractum
523 1406 529 1451 3
540 1390 561 1439 si
573 1390 689 1453 sequitur,
700 1395 755 1442 tunc
764 1405 810 1442 non
819 1391 907 1442 dirimit
917 1397 979 1446 viu-

168 1465 244 1513 culnm
259 1461 404 1512 matrimonii.
414 1462 455 1510 Sed
469 1459 580 1522 quantdm
594 1461 622 1511 ad
640 1466 714 1510 actum
725 1462 863 1513 matrimonii
875 1467 911 1514 ‘ast
925 1467 981 1517 dis·

167 1535 329 1596 tinguendum3
346 1533 400 1596 qula
413 1537 450 1582 ant
466 1531 590 1596 spiritualis
603 1533 708 1596 cognatio
720 1533 835 1583 inducitur
848 1547 917 1585 causa
935 1552 979 1590 ne·
1005 1535 1006 1552 ³

170 1605 296 1669 caecitatis,
310 1604 368 1654 sicut
382 1603 434 1654 cirm
447 1608 511 1669 pater
521 1601 620 1668 baptizat
634 1603 705 1653 filium
723 1603 748 1652 in
763 1605 858 1654 articulo
868 1610 976 1671 =mortis3

166 1681 193 1728 et
207 1682 261 1727 tune
274 1689 320 1727 uon
334 1675 428 1738 impedit
443 1679 518 1724 actum
537 1675 685 1738 matrimonii,
701 1689 729 1724 err
743 1681 825 1726 neutra
837 1679 913 1739 parte.
928 1682 978 1730 Aut

169 1747 356 1798 inducitnrertra
370 1759 447 1796 casum
462 1747 614 1806 necessitatis,
624 1746 806 1812 exignorantia3
823 1751 846 1796 et
864 1750 940 1810 tnnc,
956 1754 977 1802 si

169 1819 208 1867 ille
222 1831 248 1867 aa
261 1819 327 1881 cujus
340 1821 391 1867 actu
405 1817 532 1879 inducitur,
549 1816 687 1880 diligentiam
702 1815 820 1877 adhibuit,
836 1820 871 1866 est
886 1821 975 1873 eadem

169 1889 232 1938 ratio
242 1889 301 1937 sicut
316 1890 344 1938 de
357 1889 439 1952 primo.
451 1891 500 1936 ¹aut
513 1901 541 1936 cr
555 1888 676 1950 industria,
692 1891 755 1938 entra
769 1901 847 1938 casam
864 1896 978 1943 necessi-
1005 1889 1006 1892 ’

170 1961 237 2022 tatis;
251 1963 274 2009 et
288 1963 342 2008 tunc
353 1959 393 2009 ille
405 1972 434 2008 ex
451 1958 517 2022 cuijus
528 1961 579 2007 'actu
590 1959 713 2020 inducitur,
727 1959 810 2008 amittit
819 1959 858 2024 jus
873 1964 979 2024 petendi
1005 1987 1006 1992 ¹

170 2031 285 2093 alebitnm,
304 2029 342 2080 sed
360 2030 517 2080 tamendehet
530 2031 635 2092 reddare,
646 2030 665 2080 si
680 2029 848 2094 petatur,‘qnia
861 2035 977 2102 exculpe
1005 2059 1006 2062 =

171 2105 222 2168 ejus
242 2117 286 2152 non
300 2103 366 2152 deluat
380 2102 469 2166 aliquod
483 2101 650 2152 incommodum
662 2102 720 2152 alius
733 2105 854 2165 reponare.

203 2173 236 2223 tld
251 2173 347 2236 primum
362 2186 415 2236 ergo
428 2173 562 2234 dicendum,
579 2171 654 2236 qudd,
671 2171 775 2236 quamuis
792 2171 917 2236 spiritantia
933 2189 979 2230 co-

170 2245 248 2310 gnatio
267 2257 312 2294 non
325 2243 434 2306 impediat
454 2244 542 2308 aliquod
557 2243 584 2294 da
596 2243 759 2308 principalibus
772 2243 839 2293 bouis
853 2242 978 2312 matrimo.
1005 2263 1006 2304 t

170 2317 216 2379 nii,
227 2319 304 2365 tamen
317 2315 412 2379 impedit
421 2315 511 2378 aliquod
522 2317 549 2366 de
560 2315 699 2365 secundariis
709 2314 784 2378 bonis,
795 2315 853 2378 qaod
863 2319 900 2366 ast
912 2321 977 2370 ami·
1005 2307 1006 2336 ³

169 2389 227 2438 ritice
241 2386 397 2452 multiplicatio
405 2404 412 2452 ;
420 2387 474 2450 quia
485 2386 609 2450 spiritualis
618 2386 724 2449 cognatio
734 2390 769 2436 est
779 2385 900 2437 sufficiens
912 2393 977 2444 ratio

169 2458 322 2522 amicitimper
332 2471 370 2520 se,
382 2458 442 2507 unda
452 2461 542 2521 oportet
552 2456 612 2520 qudd
627 2459 655 2506 ad
669 2457 725 2506 alias
737 2469 778 2520 per
797 2458 975 2513 matrimonium

167 2529 309 2580 familiaritas
323 2535 346 2580 et
356 2529 456 2579 amicitia
472 2531 593 2590 queratur.

199 2602 231 2650 dd
245 2602 370 2650 secundum
382 2599 512 2660 dicendum,
523 2598 584 2662 qadd
599 2598 766 2650 matrimonium
779 2602 814 2650 est
827 2604 972 2664 perpetuum

165 2672 289 2722 vinculum.
300 2674 330 2722 lit
347 2672 398 2725 ideo
412 2671 499 2720 nullum
509 2669 695 2740 impedimentum
708 2672 875 2736 superueniens
885 2679 969 2738 potest

165 2743 239 2806 ipsum
250 2743 369 2806 dirimere3
381 2745 404 2794 ct
414 2743 446 2794 sic
457 2743 591 2809 quandoque
602 2741 713 2808 rionungia
722 2741 782 2807 quid
794 2741 971 2800 matrimonium

164 2819 187 2865 ct
197 2815 332 2867 matrimonii
344 2815 529 2880 impedimentum
543 2819 606 2870 stant
618 2813 701 2879 simul3
713 2818 846 2869 nonaullam
860 2816 880 2868 sl
889 2817 971 2884 impe-

166 2885 291 2937 dimentum
304 2887 417 2951 precedit.
