1958 3314
105 129 152 182 bod
255 131 455 184 eorumeorurn,
471 131 564 179 ouusr.
581 131 651 184 nxrx,
668 131 723 172 sur.
739 131 765 172 v.

106 229 161 272 num
182 214 347 275 momordisse,
362 223 408 264 non
419 209 587 271 absorbuisse,
607 209 662 272 quio
677 208 765 272 sliquos
788 207 843 259 iude
862 220 905 259 eu·

104 289 183 352 unxit,
192 300 239 340 non
249 291 326 338 autem
338 297 425 336 omnes.
438 283 490 336 Non
501 287 576 335 eutem
586 281 698 334 diceretur
706 281 857 332 momordisse
867 281 906 332 iu·

107 359 195 410 fernum
206 396 213 422 ‚
226 359 247 408 sl
260 357 294 408 illl
307 369 365 421 quos
381 355 501 417 liberarit,
513 367 560 405 nou
573 355 671 406 luissent
687 365 739 418 pars
753 352 909 404 multitudiuis

107 431 132 482 in
148 425 641 490 iulemooontentm.Erpo‚oi1milliquos
657 425 780 485 liberarit,
797 423 824 474 in
841 424 913 474 limbo

107 501 192 552 inferni
213 499 395 561 mutinereutur,
412 498 483 549 iidem
506 497 718 550 continebunturin
739 495 809 547 limbo
825 499 856 547 et
876 497 913 546 in·

108 574 182 626 lemo.
199 573 258 636 Ergo
272 571 355 624 limbus
375 570 463 624 retest
478 570 539 622 idem
552 569 614 634 quod
625 569 742 634 internus,
759 569 797 620 uel
809 573 914 634 estpars

109 645 210 696 inferni..
625 673 626 680 κ

140 723 166 768 n.
179 719 308 778 Prummu,
329 717 434 768 cbristus
454 715 535 767 dieitur
553 717 581 766 in
596 715 702 781 Symbolo
718 713 865 768 descendisse
884 715 914 766 ad

110 790 235 842 iulomum.
256 789 302 841 Sed
318 802 364 841 uon
380 789 498 841 descondit
514 788 560 839 nisi
576 788 605 838 ad
621 787 716 838 limbum
727 788 831 839 Pulsum.
850 787 912 852 Ergo

109 860 193 912 limbus
206 863 299 912 Petrum
313 865 349 912 est
362 862 422 912 idem
436 861 497 925 quod
510 858 621 910 internus.
660 895 661 900 κ
735 886 738 897 ·

142 937 165 982 ³.
179 933 299 994 Praeteres,
315 931 554 994 roo,1xv11,diritm
569 945 575 982 :
592 947 607 979 «
617 931 643 981 lu
656 930 861 995 profundissimum
878 931 917 980 in-

110 1003 200 1056 ternum
217 1004 355 1054 descendent
370 1004 446 1056 omniu
458 1015 519 1054 mea.
534 1019 548 1051 u
564 1003 608 1054 Sed
621 1001 664 1054 lob
680 1000 732 1052 edm
744 1005 808 1054 esset
819 1005 916 1054 summus

110 1079 135 1125 et
146 1076 239 1141 justus,
254 1074 281 1126 sd
300 1074 396 1127 limbum
409 1075 535 1127 deseendit.
553 1075 614 1139 ltrgo
626 1073 709 1126 limbus
728 1077 764 1126 est
775 1074 837 1125 idem
850 1074 914 1138 quod

110 1147 333 1212 profundissimus
345 1149 470 1212 infernos.
855 1147 857 1152 '

142 1219 187 1270 sed
200 1223 291 1281 contre,
309 1237 323 1268 r
337 1219 361 1269 in
370 1219 459 1271 interno
468 1219 530 1270 nulla
540 1222 575 1270 est
586 1217 721 1283 redemptio.
732 1231 746 1266 s
756 1216 801 1270 sed
814 1217 829 1268 l
842 1217 915 1269 limbo

112 1292 186 1342 suncti
200 1291 295 1344 fuerunt
307 1291 427 1356 redempti.
442 1292 502 1356 Ergo
517 1287 601 1342 limbus
613 1303 657 1342 non
672 1294 708 1344 ost
720 1289 779 1341 idem
793 1289 856 1353 quod
872 1290 916 1341 in-

111 1362 200 1416 demus.
381 1401 383 1410 ,
915 1391 917 1398 ,

145 1436 271 1500 Praetsrer,
284 1434 428 1498 Augustinus·
439 1433 559 1486 dioitvllll.
572 1435 656 1500 Super
666 1433 759 1486 *Gener
772 1432 811 1484 od
824 1431 915 1484 lilim.

113 1505 184 1571 (esp.
198 1507 243 1570 oo)
263 1522 270 1557 :
283 1507 422 1566 «Quomodo
436 1505 498 1555 illum
510 1505 610 1570 requiem
623 1518 691 1570 qoem
701 1507 800 1556 boronus
813 1506 916 1570 aceepit,

113 1579 176 1641 apud
187 1578 273 1630 interm
281 1591 331 1630 esse
343 1577 461 1628 credamus
479 1589 525 1627 non
538 1577 613 1628 rideo.-
630 1593 644 1624 u
658 1563 787 1627 Sedemrm
797 1577 916 1628 biremem

114 1649 208 1702 limbum
219 1650 346 1701 mumudil.
362 1650 421 1714 Ergo
439 1649 522 1700 limbus
541 1661 587 1700 nou
600 1651 635 1700 est
647 1649 709 1699 idem
722 1648 783 1712 quod
796 1649 915 1700 internus.

147 1721 305 1786 (commosse.
315 1720 446 1775 -bimbus
457 1724 565 1784 quantum
574 1721 604 1772 sd
612 1719 746 1784 qualitatem
755 1719 799 1772 loci
809 1719 917 1772 diversus

116 1797 151 1842 est
160 1791 188 1844 sb
201 1792 291 1845 inlemo
301 1795 457 1844 demoniorum
470 1793 526 1844 :sed
538 1797 646 1856 quantum
658 1793 686 1842 ud
700 1791 770 1842 situm
781 1789 842 1854 lori,
859 1795 917 1842 suut

116 1863 166 1914 loon
186 1863 293 1914 continuo
312 1879 318 1914 :
335 1864 378 1914 nisi
392 1865 453 1928 quod
471 1864 553 1914 limbus
573 1865 667 1914 Petrum
686 1875 738 1928 pars
756 1862 860 1928 superior
873 1865 917 1914 ln-

116 1931 174 1984 terni
186 1947 237 1986 esse
250 1934 384 1998 uidentur.)
472 1963 475 1973 ‹
970 1965 971 2014 p

146 2005 281 2070 despondeo
294 2005 425 2068 doeudum,
435 2004 496 2068 quod
506 2007 647 2071 reseptuuulr
656 2006 781 2060 animarum
793 2010 918 2072 postmor-
970 2025 971 2050 ÷

114 2081 160 2128 lem
177 2075 296 2142 dupliciter
312 2076 421 2141 distingui
436 2081 531 2142 possunt
549 2082 608 2128 :eut
628 2078 754 2130 seeundum
771 2078 856 2142 situm,
876 2083 920 2130 uui
970 2125 971 2146 p

114 2149 238 2202 seeundum
249 2149 349 2201 looomm
362 2147 506 2212 qualitatem,
517 2154 584 2215 prout
593 2149 682 2202 seilicet
689 2150 715 2200 in
725 2149 839 2214 aliquibus
852 2150 913 2202 locis
970 2151 971 2210 i

114 2233 195 2287 peones
210 2222 248 2273 vel
268 2221 363 2286 premia
380 2221 495 2287 recipiunt
512 2222 602 2275 animo.
623 2223 649 2273 Si
667 2235 721 2286 ergo
742 2223 918 2274 considerentur

113 2294 197 2346 limbus
210 2294 305 2344 Petrum
315 2298 339 2343 et
351 2292 454 2344 internus
464 2295 587 2346 semnddm
597 2293 697 2348 locorum
711 2293 842 2358 mutilatum
854 2309 917 2360 prur-
970 2335 971 2344 ,

114 2366 216 2430 diomm,
230 2365 265 2416 sio
278 2377 324 2417 non
337 2367 374 2416 est
385 2365 478 2416 dubium
490 2366 549 2431 quod
563 2365 744 2430 distinguuntur,
755 2369 804 2416 tum
820 2366 874 2430 quis
888 2368 915 2418 iu

114 2437 206 2489 intorno
222 2441 258 2489 est
273 2450 341 2502 prem
356 2437 488 2500 sensibilis,
502 2452 552 2502 quor
568 2450 614 2490 non
627 2440 675 2489 emt
690 2438 714 2490 in
727 2437 796 2488 limbo
807 2438 917 2503 Putrum3·

114 2513 162 2559 tum
180 2510 249 2561 etiam
263 2509 316 2574 quis
328 2510 353 2560 in
365 2509 455 2564 interno
467 2515 502 2562 est
514 2523 581 2575 pmuu
592 2512 684 2574 uterus,
695 2510 736 2561 sed
753 2509 776 2559 in
787 2509 857 2560 limbo
869 2510 915 2560 Pr-

114 2585 174 2632 trum
189 2581 347 2634 detinebantur
360 2582 433 2634 saneti
447 2583 599 2647 temporaliter
610 2581 709 2632 tautum.
720 2580 765 2632 Sed
778 2579 798 2632 si
809 2581 915 2633 conside

115 2657 194 2704 rentur
209 2655 360 2717 qnantumud
376 2655 446 2708 situm
466 2653 528 2716 loci,
543 2653 577 2704 sio
589 2653 706 2717 pmbrbilo
726 2656 761 2704 est
779 2651 839 2715 quod
852 2651 914 2704 idem

114 2723 177 2775 loeus
191 2725 227 2776 rel
238 2726 303 2789 quasi
317 2725 438 2778 continuus
453 2724 483 2776 sit
497 2725 611 2787 infernus
623 2730 647 2775 et
665 2723 778 2784 limbus,
792 2724 824 2773 itu
836 2727 914 2775 tamen

115 2799 176 2860 puod
191 2798 292 2864 quedam
306 2797 409 2862 superior
422 2809 476 2862 pom
488 2795 572 2847 interni
585 2794 681 2846 limbos
695 2797 804 2846 Putrem
818 2795 914 2848 diortur.

115 2869 246 2924 dobuntrs
256 2869 318 2923 enin
331 2871 357 2922 in
370 2870 462 2924 interno
476 2867 600 2922 secundum
613 2868 769 2922 diversitatem
786 2869 862 2934 ¹oulpm
876 2868 915 2921 oi·
970 2901 971 2908 κ
