1924 3322
117 117 162 168 art
247 125 449 174 sunrnnunnruna,
466 125 558 170 onnsr.
575 127 671 176 bruun,
688 127 742 165 arr.
759 128 787 166 rr.

116 208 181 268 (teri.
199 209 223 268 l,
239 208 269 254 tl
283 208 306 254 et
318 203 370 266 66);
386 202 475 266 etquis
492 202 596 267 operanti
614 202 707 254 debetur
719 204 797 268 operis
808 217 914 270 meroes,

115 281 204 343 oportet
213 277 274 342 qubd
285 276 334 340 ipse
343 277 411 326 homo
426 274 566 338 compositus
577 287 606 324 er
616 275 690 326 anima
701 280 724 327 et
734 290 847 340 corpore,
863 291 917 342 ope-

114 350 145 402 ris
159 351 195 402 sui
209 349 334 399 mercedem
349 347 453 411 accipiat.
462 346 565 398 venialia
580 350 656 398 autem
670 347 729 398 sicut
743 348 850 399 dicuntur
861 363 916 414 peo-

114 427 178 483 eata,
193 421 258 485 quasi
268 419 430 484 dispositiones
445 419 472 470 ad
483 419 639 484 peccandum,
649 419 765 482 ionqndd
780 420 917 484 simpliciter

113 495 248 544 habeantet
263 491 365 554 perfecte
378 492 489 542 rationem
502 491 591 554 peccati
602 507 608 540 ι
623 491 656 542 ita
670 505 739 556 prena
752 505 804 556 qne
818 493 857 543 eis
866 494 918 542 red·

113 566 174 617 ditur
191 565 215 616 in
228 563 358 628 purgatorio
375 577 421 614 non
439 567 474 612 est
488 561 621 626 simpliciter
635 563 766 626 retributio,
783 565 824 614 sed
845 564 918 628 magis

113 637 219 702 purgatio
236 636 340 699 quedam
354 649 405 699 quae
420 647 523 685 seersum
537 635 562 684 tt
577 633 601 683 in
616 647 709 699 corpore
725 647 766 699 per
781 640 882 687 mortem
896 643 918 688 et

114 708 314 769 incinerationem,
336 710 360 757 et
375 707 400 756 in
419 707 495 757 anima
510 717 552 770 per
565 707 689 771 purgatorii
702 707 788 771 ignem.

146 780 180 830 td
195 783 301 844 quartum
321 778 455 840 dicendum,
477 777 537 842 quod
557 778 644 830 ceteris
661 779 768 844 paribus,
794 779 919 844 perfectior

115 856 150 903 est
162 854 236 902 status
247 851 329 902 anime
343 851 367 900 in
383 861 477 912 corpore
491 850 558 913 quim
570 855 633 901 entre
644 865 733 928 corpus,
747 851 801 915 quia
810 856 848 903 est
863 865 917 917 pars

115 924 185 977 totius
205 923 342 988 compositi,
356 925 378 975 et
395 923 469 974 omnis
484 936 538 986 pore
552 924 668 987 integralis
681 925 805 976 materialis
823 931 862 976 est
879 939 919 976 re-

115 995 194 1061 spectu
206 996 284 1047 totius.
298 994 440 1058 literramnis
453 995 484 1046 sit
497 995 543 1046 lteo
553 995 690 1047 conformior
704 997 833 1048 secundnm
851 998 917 1064 qnid,

116 1081 161 1118 uon
177 1072 254 1118 umen
275 1067 410 1131 simpliciter
420 1081 427 1129 ;
439 1070 493 1116 tunc
505 1067 566 1117 enim
577 1105 583 1129 ,
595 1067 728 1132 simpliciter
739 1068 871 1134 loquendo,
886 1073 920 1119 est

115 1139 200 1203 aliquid
219 1138 316 1192 maxime
333 1139 380 1189 lteo
398 1139 530 1200 conforme,
543 1140 634 1201 quando
653 1139 721 1188 lnabet
736 1141 851 1204 quidquid
872 1155 918 1190 suan

114 1215 201 1261 natue
228 1209 326 1261 conditio
346 1209 455 1273 repulsit,
473 1210 528 1273 quia
550 1214 606 1261 tuno
619 1205 794 1274 'perlectionem
816 1211 918 1262 divinam

115 1281 214 1335 maxime
227 1281 347 1332 imitatur:
361 1283 421 1332 uude
432 1293 471 1330 cor
490 1279 596 1330 animalis
609 1281 681 1345 magis
690 1285 726 1332 est
738 1283 859 1333 conforme
873 1283 918 1331 lieo

115 1353 238 1417 immobili,
252 1353 343 1416 quando
353 1353 457 1403 mouetur
467 1351 534 1414 quim
546 1353 635 1415 quando
644 1353 749 1416 quiescit,
762 1354 817 1416 quia
825 1355 917 1419 perfec·

115 1424 146 1474 tio
163 1425 237 1476 cordis
250 1429 285 1476 est
299 1424 395 1485 moveri,
404 1429 429 1474 et
442 1424 494 1488 ejus
508 1423 573 1486 quies
586 1427 621 1474 est
635 1425 686 1488 ejus
700 1423 837 1476 destructio.

145 1499 178 1548 lo
188 1495 291 1562 quintum
306 1497 439 1560 dicendum,
452 1495 512 1561 quiid
527 1508 587 1547 mors
602 1496 723 1560 corporalis
733 1497 865 1550 introducta
883 1501 917 1549 est

114 1581 155 1632 per
170 1573 286 1634 peccatum
307 1569 379 1628 lde,
393 1569 453 1632 quod
472 1570 508 1618 est
524 1570 595 1618 morte
615 1567 700 1618 Christi
716 1568 833 1632 deletum3
857 1571 917 1620 unde

95 1643 166 1699 lamna
183 1639 221 1690 illu
238 1653 282 1691 non
297 1645 376 1690 manet
386 1637 411 1688 in
428 1642 544 1689 murnum.
560 1637 604 1690 Serl
615 1642 733 1702 perustum
747 1641 843 1692 mortale
855 1640 917 1704 quod

115 1713 209 1761 mortem
222 1715 329 1762 aeternaur
340 1723 382 1775 per
391 1709 582 1774 impoenitentiam
590 1709 693 1774 inducit,
705 1709 764 1760 ultra
778 1723 826 1762 non
835 1711 914 1777 expia-

115 1781 176 1832 bitur
194 1797 200 1831 :
216 1787 240 1834 et
253 1783 305 1835 idco
320 1795 381 1834 mors
393 1781 433 1832 illa
446 1784 530 1832 eterna
547 1781 597 1831 erit.

412 1961 571 2014 cuniculus
586 1962 616 2012 ll.

225 2087 310 2134 Utrtm
326 2087 467 2131 resurrectio
479 2087 525 2132 erit
536 2087 643 2132 omnium
656 2087 808 2172 perrercttter.

147 2216 180 2266 lu
197 2211 321 2265 seeundum
334 2210 367 2263 sic
382 2212 519 2276 proceditur.
533 2211 628 2264 Videtur
639 2211 700 2276 qubd
715 2215 852 2266 resurrectio
867 2225 913 2265 non
949 2207 950 2280 J

115 2288 158 2338 erit
178 2284 281 2338 omnium
303 2283 445 2346 generaliter.
466 2286 491 2334 ln
510 2284 606 2334 Poctm.
621 2284 682 2334 eninr
696 2287 707 2335 l
720 2285 818 2337 dicitnr:
835 2305 850 2336 ιι
867 2288 914 2337 Non
949 2281 950 2296 ¹

115 2360 233 2420 resurgent
242 2355 305 2419 impii
318 2354 343 2403 ln
352 2354 472 2418 judicio.»
482 2355 528 2406 Sed
537 2356 670 2407 resurrectio
681 2369 728 2407 non
739 2357 783 2408 erit
795 2359 913 2408 bominum
949 2381 950 2384 ι

115 2431 160 2481 nisi
174 2435 275 2496 tempore
287 2428 523 2492 judieiiunlversalis.
536 2430 671 2495 ltrgoimpii
683 2431 827 2484 nullomodo
841 2443 913 2484 resur·
949 2465 950 2494 Ξ

115 2506 179 2566 gent.

147 2577 171 2623 a.
187 2573 313 2634 prasiaca,
329 2573 427 2624 noant
442 2573 498 2633 ιιιι,
513 2573 611 2625 recreor:
625 2573 712 2624 «nuru
725 2574 800 2626 oens
810 2574 852 2640 qur
864 2577 914 2627 aa·
949 2561 950 2572 ³

115 2644 214 2694 miemnt
233 2643 257 2693 in
278 2649 344 2696 terrae
365 2645 474 2709 pulvere,
489 2644 636 2707 evigilabunt.
658 2645 736 2696 »Sed
755 2647 807 2696 bare
829 2645 911 2699 locutio

52 2723 54 2737 ¹
115 2715 235 2836 quartndam
254 2716 453 2780 particnbtionem
468 2716 584 2782 importat.
601 2719 660 2782 Ergo
678 2729 724 2768 non
744 2731 824 2770 omnes
838 2730 911 2771 resur·

116 2799 159 2850 gen
174 2823 179 2836 .

149 2861 173 2909 t.
195 2861 325 2927 arsuro,
346 2870 389 2928 per
407 2859 596 2914 resurrectionem
617 2862 722 2914 homines
745 2862 910 2916 conformantur
