1954 3314
195 201 226 236 na
243 201 447 238 rurrssmrnrraru
463 201 609 252 conrobora,
626 201 679 238 nro.
794 193 839 238 ido

19 277 66 326 sed
77 275 146 340 quod
157 275 233 338 aliqua
248 276 378 341 evaporatio
392 277 529 340 requiratur,
544 279 588 328 boc
599 280 670 328 osteo
680 276 739 340 quod
750 278 805 327 odor
815 278 840 328 in

20 347 172 410 corporibus
183 349 219 396 est
227 346 363 397 humiditate
374 360 494 412 aspersus,
505 348 566 397 unde
579 350 668 411 oportet
676 347 836 398 resolutionem

21 419 76 468 beri
94 417 127 466 ad
146 419 189 467 boc
202 417 262 480 quod
273 418 422 482 percipiatur.
432 419 478 468 Sed
497 418 663 483 tricorporibus
678 418 782 482 gloriosis
796 419 839 470 erit

20 492 85 541 odor
100 490 128 538 iu
149 502 190 538 sua
201 487 281 538 ultima
294 489 451 552 perfectione,
464 490 605 540 nullomodo
619 503 661 554 per
673 491 791 540 humidum
804 505 840 541 re-

18 574 129 623 pressus
139 578 146 622 3
157 559 219 610 unde
240 558 371 610 immutabit
391 560 503 626 spirituali
518 562 692 626 immutatione,
706 563 765 614 sicut
785 565 841 614 odor

19 632 126 682 tumulis
151 631 323 695 evaporationis
346 633 409 684 lacit.
429 635 458 684 lit
474 634 507 684 sic
525 634 568 682 erit
588 647 668 685 sensus
690 635 796 686 odoralds
817 636 840 686 in

22 703 119 752 sanctis
128 740 138 766 ‚
157 703 198 766 qui
212 703 274 754 nulld
296 704 429 756 humiditate
449 705 599 768 impedietur,
616 708 639 755 et
652 711 774 768 cognoscet
793 719 839 758 nou

23 775 106 824 sollum
121 774 271 825 excellentias
289 776 391 836 odomm,
405 775 464 825 sieut
473 789 534 824 nunc
544 775 567 823 in
578 777 643 826 nobis
653 777 763 842 contingit
772 792 840 842 prop·
894 833 895 838 ,

23 850 63 895 ter
80 845 179 894 nimiam
194 846 280 896 cerebri
299 845 471 908 humiditatem,
483 847 523 898 sed
542 847 610 898 etiam
626 847 731 900 minimas
744 851 838 901 odorum

26 916 190 968 differentias.

60 989 99 1039 Ad
121 993 227 1052 quartum
251 991 386 1051 dicendum,
402 991 461 1055 quod
482 991 596 1056 lupatria
618 992 660 1042 erit
681 992 730 1043 laus
750 995 837 1047 vocalis

27 1060 163 1124 (quamvis
181 1060 272 1125 quidam
289 1063 356 1113 aliter
368 1063 479 1126 dicant),
495 1068 519 1113 et
535 1061 582 1113 sold
595 1063 753 1115 immutatione
769 1065 837 1128 spiri·
889 1057 894 1064 ’

25 1131 91 1184 tuali
112 1145 223 1194 organum
244 1127 334 1184 audibis
348 1134 475 1184 immutabit
490 1134 515 1184 in
529 1133 612 1198 beatis;
629 1147 671 1184 uec
687 1134 729 1183 erit
743 1142 836 1199 propter

26 1203 180 1264 disciplinam
192 1217 236 1266 oua
248 1205 364 1254 scientiam
378 1205 511 1269 acquirant,
520 1206 559 1255 sed
570 1209 663 1269 propter
674 1204 836 1268 perfectionem

26 1273 118 1325 sensate
129 1277 153 1322 et
173 1274 356 1326 delectationem.
367 1277 483 1334 Quomodo
498 1280 573 1326 autem
589 1288 633 1326 uox
650 1275 681 1334 ibt
693 1274 835 1338 turmaripo·

27 1345 98 1402 terit,
109 1343 194 1394 dietum
211 1349 247 1396 est
259 1346 282 1395 io
293 1347 311 1396 ll
325 1345 383 1397 libro
397 1348 478 1408 Seut,
491 1347 593 1398 distinct,
608 1345 644 1407 ll,
659 1359 699 1409 qu.
710 1350 735 1410 2,
749 1350 791 1395 art.
810 1349 834 1409 2,

29 1419 59 1467 ad
76 1417 115 1477 5).

63 1489 101 1540 bd
117 1487 222 1552 quintum
237 1489 370 1552 dicendum,
387 1489 445 1554 pudd
459 1490 558 1541 intensio
572 1489 666 1540 luminis
679 1502 723 1539 nou
743 1489 839 1554 impedit

28 1559 188 1624 receptionem
203 1559 343 1622 spiritualem
360 1560 447 1625 speciei
459 1561 541 1610 coloris
548 1597 556 1623 ,
573 1560 696 1611 dummodo
708 1565 798 1612 mancat
812 1562 837 1611 in

29 1635 115 1683 natura
130 1630 252 1695 diapbani3
266 1630 325 1682 nient
333 1635 397 1696 patet
405 1629 465 1695 qudd
475 1636 682 1694 quantumcumque
696 1629 837 1682 illuminetur

28 1717 85 1764 aer,
102 1707 245 1765 potestesse
262 1703 362 1754 medium
382 1703 406 1752 in
423 1702 491 1766 risrr;
506 1707 529 1752 et
542 1702 627 1766 mrantd
644 1705 679 1754 est
696 1703 769 1766 magis
783 1704 836 1754 illu·

27 1775 150 1834 minatus,
165 1772 230 1823 tantd
245 1775 370 1838 peripsum
385 1773 470 1838 aliquid
484 1773 565 1824 clariirs
578 1775 668 1825 ridetur
677 1809 685 1834 ,
695 1773 739 1826 nisi
751 1775 782 1826 sit
798 1775 838 1826 de·

28 1849 109 1896 lectus
120 1859 150 1895 ex
160 1845 276 1896 debilitate
292 1845 365 1896 risus.
381 1844 446 1905 ouoo
460 1849 536 1896 autem
550 1846 573 1896 in
583 1846 676 1909 speculo
690 1846 777 1898 directe
791 1861 834 1910 op·

30 1917 111 1982 posito
125 1917 188 1968 radio
202 1916 257 1966 solis
269 1929 314 1968 uon
324 1920 432 1980 appareat
449 1917 539 1980 speeies
551 1918 652 1982 corporis
663 1918 774 1983 oppositi,
791 1932 836 1969 non
923 1970 928 1988 ι

30 1992 69 2040 est
91 1991 184 2050 propter
198 1989 240 2038 boc
254 1987 314 2051 quod
336 1986 472 2051 impediatur
493 1989 607 2053 receptio,
623 1989 664 2040 sed
683 1993 774 2054 propter
792 1991 837 2040 boc

30 2060 95 2124 quod
106 2059 243 2121 impediatur
256 2059 418 2119 reverberatim
429 2062 518 2122 oportet
531 2059 590 2108 enim
600 2061 627 2109 ad
637 2062 682 2111 boc
692 2060 753 2124 quod
763 2059 836 2111 torma

29 2132 54 2180 in
72 2129 168 2194 speculo
178 2133 293 2192 appareat,
304 2128 364 2192 quod
374 2131 413 2178 liat
422 2131 525 2192 quadam
540 2130 693 2182 reverberatio
704 2132 731 2180 ad
745 2129 836 2192 aliquod

29 2215 119 2264 corpus
132 2201 265 2262 obscurum,
278 2205 301 2251 et
314 2201 365 2251 ideo
383 2199 501 2264 plumbum
515 2199 574 2250 vitro
592 2202 724 2265 adjungitur
739 2201 763 2250 in
778 2213 836 2264 spe·

30 2274 96 2323 culo.
112 2272 173 2322 lianc
184 2275 259 2322 autem
269 2272 428 2323 obscuritatem
440 2271 517 2322 radius
527 2273 583 2322 solis
596 2273 702 2336 repellit,
713 2271 774 2320 unde
788 2283 835 2322 non

31 2345 113 2408 potest
126 2354 231 2406 apparere
249 2343 338 2405 speeies
353 2341 427 2405 aliqua
437 2343 461 2391 in
476 2344 577 2406 speculo.
588 2342 685 2393 Claritas
701 2346 775 2392 autem
788 2353 837 2392 cor·

31 2415 99 2479 poris
119 2413 208 2483 gloriosi
218 2427 264 2464 non
278 2414 350 2464 aulert
360 2414 552 2478 dlapbaneitatcm
563 2413 576 2463 a
586 2413 681 2477 pupilla,
694 2413 746 2476 quia
765 2412 836 2475 gloria

31 2501 81 2538 non
96 2485 153 2536 tollit
165 2490 267 2535 naturam
282 2501 286 2534 :
303 2487 362 2536 unde
374 2485 506 2548 magnitudo
525 2485 633 2536 claritatis
651 2485 676 2534 iu
691 2484 775 2549 pupilla
787 2497 837 2534 ma·

31 2561 68 2622 gis
85 2557 154 2607 saciet
164 2556 190 2606 ad
208 2569 303 2610 acumen
318 2557 381 2606 visos
393 2556 461 2620 quim
474 2558 502 2607 ad
517 2558 569 2620 ejus
582 2557 704 2608 delectum.

66 2631 100 2680 bd
119 2631 206 2678 sertum
224 2629 358 2688 dicendum,
376 2629 436 2692 quod
457 2628 542 2692 quanto
557 2641 638 2678 sensus
651 2632 687 2678 est
702 2627 835 2692 perfectior,

31 2701 98 2754 tautb
108 2713 137 2750 ex
150 2699 230 2750 minori
241 2700 398 2750 imnrntalione
412 2701 471 2750 iacta
484 2704 561 2764 potest
571 2700 687 2762 objectam
701 2713 766 2751 suum
780 2713 836 2764 per-

32 2775 129 2837 cipere3
147 2770 229 2834 quanto
247 2775 321 2821 autem
337 2772 380 2821 sub
396 2771 478 2820 minori
488 2772 571 2834 angulo
586 2771 673 2822 visust
687 2771 772 2822 visibili
793 2772 836 2820 im·

33 2847 152 2904 mutatur,
167 2842 230 2893 tantd
249 2842 322 2893 minor
339 2843 466 2894 immutatio
480 2847 532 2894 est:
546 2847 569 2893 et
579 2843 632 2895 iude
645 2847 681 2895 est
694 2843 754 2907 qu'od
769 2843 833 2893 risus

34 2917 118 2968 sortior
131 2914 223 2978 magist
238 2915 331 2966 remotis
345 2914 430 2977 aliquid
444 2915 521 2965 ridere
535 2919 626 2982 potest,
637 2915 706 2980 quiam
721 2914 783 2964 risus
794 2914 846 2962 dc»
