1958 3314
118 192 148 230 ns
160 185 261 231 arctura
274 185 304 226 sn
318 183 523 226 muneratorium
536 183 567 226 mr
580 187 612 226 nn
625 184 775 229 corrutone.
800 179 850 230 too

57 269 103 333 iel,
116 269 136 320 si
146 270 195 334 ipse
206 267 344 320 contrahens
355 275 402 316 non
412 265 442 324 sit
450 264 525 328 uirgo,
534 277 580 316 non
592 263 692 316 elicitur
703 266 849 332 irregularis.

56 341 108 405 ltrgo
126 340 196 390 multo
213 337 306 400 ninus,
321 338 341 388 si
357 350 414 388 uxor
428 338 479 402 ejus
497 335 562 400 uirgo
576 349 623 388 non
637 337 676 389 sit.

8 448 12 468 .
81 417 103 463 i.
120 412 335 475 Pratereagpotest
354 407 480 472 essequod
495 406 578 472 aliquis
598 409 718 462 defloravit
734 411 849 476 aliquam,

55 488 75 535 et
93 489 170 549 postea
191 483 326 533 ducatuum
345 478 370 530 in
390 491 493 531 uxorem.
508 479 570 530 Talis
592 485 736 534 autemnon
758 484 851 534 uidetur

54 555 99 606 ieri
108 555 246 619 irregularis,
259 553 312 619 quia
328 565 374 604 non
388 551 466 602 diuisit
480 563 572 603 carnem
586 565 651 604 suum
664 554 690 605 in
703 555 792 620 piures3
807 568 851 606 nec

54 627 114 678 etiam
129 641 187 678 uxor
199 627 265 694 'ejus;
282 628 306 676 ct
321 628 399 678 tamen
414 623 477 675 ducit
489 628 618 689 corruptam
632 626 658 677 in
672 635 776 680 uxorem.
791 629 851 696 tirgo

8 741 9 750 2
55 701 101 752 tulis
109 702 191 753 modus
202 699 308 764 bigamia
319 711 366 749 uon
378 700 456 748 causat
469 697 668 760 irregularitatem.

81 777 102 823 7.
113 775 243 835 Praeterea,
258 769 334 822 nullus
352 773 427 834 potest
441 771 576 822 contrahere
589 770 788 838 irregularitatem,
806 773 852 825 nisi

54 843 197 895 uoluntarius,
216 843 259 894 Sed
283 841 365 906 aliquis
378 841 513 906 quandoque
526 841 591 893 duxit
608 856 703 896 uxorem
719 858 765 896 non
782 845 852 911 uirgi-

54 927 99 966 nem
115 915 301 978 involuntarius3
320 916 348 963 ut
360 912 450 978 mando
466 913 538 964 credit
556 926 607 965 cam
621 913 735 978 uirginem
748 929 813 980 esse,
828 921 852 968 ct

53 991 128 1050 postca
139 986 232 1039 inuenit
248 999 299 1036 eam
316 987 445 1048 corruptum
462 982 552 1048 tuisse,
567 998 706 1050 cognoscens
720 999 780 1038 eam.
791 987 850 1054 lirgo

53 1058 98 1110 talis
117 1059 200 1110 modus
215 1066 262 1109 non
276 1068 366 1120 semper
378 1055 434 1106 lacit
447 1053 645 1120 irregularitatem.
713 1064 716 1070 “

8 1157 9 1164 1
81 1134 102 1181 l.
116 1131 246 1192 Praeterea,
261 1131 374 1192 corruptio
388 1139 487 1192 sequens
501 1127 672 1180 matrimonium
685 1134 720 1183 est
734 1131 851 1195 vitupera·

52 1202 113 1254 bilior
125 1203 194 1269 quim
208 1200 347 1265 procedens.
365 1200 427 1262 Sed,
441 1201 462 1252 si
473 1213 543 1264 uxor,
555 1204 678 1265 postquam
696 1207 732 1254 est
745 1216 851 1255 cousum-

53 1278 132 1325 matum
146 1273 333 1338 matrimonium,
348 1273 375 1324 ab
396 1271 440 1324 alio
459 1277 624 1336 cognoscatur,
638 1273 674 1324 uir
687 1286 734 1327 non
755 1275 852 1326 elicitur

53 1346 193 1412 irregularis;
208 1345 265 1398 aliis
284 1345 403 1411 puniretur
416 1357 458 1410 pro
475 1348 571 1410 peccato
584 1345 660 1396 uxoris
672 1362 678 1396 ι
691 1350 768 1412 potest
783 1347 852 1398 etiam

53 1428 97 1468 esse
109 1417 188 1484 quod,
205 1419 327 1483 postquam
347 1419 392 1468 lroc
410 1417 480 1479 sciat,
492 1416 573 1467 reddat
586 1416 609 1467 ei
625 1417 726 1468 debitum
746 1417 852 1483 poscenti
874 1479 876 1484 ¹

53 1491 214 1554 autequando
236 1487 346 1540 adulterio
370 1493 475 1540 accusatu
497 1488 669 1540 condemnetur.
689 1489 749 1554 Ergo
761 1489 852 1541 vitcmr

53 1559 106 1622 quoa
119 1561 159 1613 ille
172 1562 255 1612 modus
269 1559 375 1626 bigamim
393 1573 440 1612 non
457 1563 537 1610 causet
547 1559 746 1624 irregularitatem.

78 1634 122 1685 Sed
131 1636 212 1686 contra
223 1637 267 1696 est,
276 1633 337 1696 quod
350 1631 472 1697 Gregorius
485 1630 540 1682 dicit
552 1646 558 1682 :
569 1648 583 1680 u
592 1631 746 1696 Praecipimus
760 1645 789 1684 nc
802 1645 852 1684 un-

54 1716 115 1767 quam
128 1704 222 1756 rilicitas
236 1703 390 1756 ordinationes
407 1703 495 1765 iunias,
510 1715 540 1754 ne
553 1703 685 1768 bigamum,
701 1708 740 1755 aut
751 1704 790 1769 qui
800 1703 850 1754 rir-

53 1775 121 1838 glnem
141 1789 190 1828 non
203 1781 240 1827 cst
254 1775 347 1828 sortitus
359 1777 385 1827 in
403 1789 511 1838 uxorem,
531 1779 570 1826 aul
586 1775 730 1840 ignorantem
747 1777 848 1840 litteras,

8 1843 9 1848 ’
53 1854 86 1898 aut
97 1849 222 1901 habentem
231 1847 359 1912 ‘quamlibet
371 1851 459 1913 partem
476 1847 579 1912 corporis
591 1847 709 1913 uitiatam,
724 1848 760 1900 rel
773 1848 848 1914 poeni-

53 1921 124 1972 tentia
137 1920 177 1970 uel
191 1918 273 1981 cuna,
283 1917 429 1970 unicuilibet
438 1917 564 1970 conditioni
575 1917 712 1985 obnoxium,
729 1921 756 1974 ad
771 1933 848 1974 sacros

53 1992 138 2044 ordines
154 1992 273 2056 permittas
283 1990 399 2042 accedere.
412 2009 427 2040 u
672 2017 675 2021 »

80 2065 242 2130 (Coucnnsro.
256 2085 288 2101 u-
304 2063 338 2113 tir
358 2065 401 2114 hoc
419 2061 481 2126 quod
499 2063 535 2114 uir
554 2077 649 2115 uxorem
673 2061 847 2135 nonwvirginem

53 2132 123 2200 iacit,
137 2133 269 2200 irregularis
280 2135 390 2199 sllicitum
407 2145 453 2186 non
464 2137 540 2186 autom
554 2148 583 2186 ex
596 2137 640 2187 hoc
653 2135 715 2200 quod
728 2137 849 2200 corruptus

54 2221 95 2259 non
110 2213 243 2272 corruptam
257 2205 346 2269 ducit.)
474 2252 485 2276 g

80 2281 217 2346 Respoudco
231 2278 365 2343 dicendum,
381 2279 441 2344 quod
451 2278 475 2329 in
489 2279 653 2346 conjunctione
668 2278 753 2330 Christi
768 2281 792 2328 et
806 2275 850 2328 Ec-

54 2351 140 2414 clesiae,
156 2351 232 2402 unitas
241 2363 270 2402 er
282 2354 377 2416 atraque
392 2355 457 2418 parte
467 2353 591 2403 invenitur.
603 2349 692 2404 litidco
702 2351 751 2402 sire
768 2349 850 2400 divisio

55 2425 125 2475 caruis
138 2423 270 2476 inveniatur
285 2426 389 2488 exparte
402 2423 462 2486 uiri,
480 2423 528 2474 siro
539 2434 569 2475 er
580 2426 644 2488 parte
655 2421 746 2486 uxoris,
760 2425 796 2473 est
811 2421 850 2472 dc·

55 2491 123 2546 lectus
148 2491 297 2559 sacramenti3
319 2495 359 2545 seul
381 2497 458 2545 tamen
478 2492 643 2556 diversimode,
664 2495 719 2559 quin
739 2507 767 2544 en
787 2496 851 2560 parte

55 2566 95 2617 riri
109 2567 232 2632 requiritur
244 2565 306 2632 quot
320 2567 387 2618 aliam
400 2579 447 2617 non
462 2567 550 2617 duxerit
568 2579 674 2628 uxorem,
688 2577 735 2616 non
750 2565 810 2628 quid
821 2565 852 2617 sit

55 2638 129 2703 rirgo;
144 2639 227 2690 sodes
240 2641 307 2708 parte
326 2638 404 2690 uxoris
422 2637 542 2702 requiritur
562 2637 621 2701 quod
641 2637 710 2688 etium
731 2636 761 2687 sit
777 2637 849 2700 virgo.

55 2709 123 2774 Cuius
144 2712 202 2762 ratio
225 2711 239 2761 i
259 2710 353 2762 decretis
375 2709 517 2773 assignatur,
542 2708 595 2774 quia
616 2707 720 2773 sponsus
737 2707 852 2771 siguificat

56 2781 176 2832 Ecclesium
195 2781 343 2845 militantem,
359 2781 424 2845 cnjus
441 2792 517 2832 curum
534 2781 592 2846 gerit
608 2780 745 2850 episcopus,
757 2781 782 2831 in
806 2793 851 2846 qua

57 2854 130 2906 multae
143 2857 198 2906 sunt
209 2853 382 2920 corruptiones;
393 2851 433 2904 scd
448 2863 533 2918 sponsa
545 2851 658 2918 significat
675 2851 800 2916 Cinctum,
810 2851 851 2915 qui

57 2924 117 2992 uirgo
132 2926 188 2993 lnit3
202 2929 228 2979 et
239 2925 291 2979 iuteo
302 2937 332 2978 cx
343 2929 407 2992 parte
420 2937 510 2992 sponsae
522 2922 646 2991 requiritur
657 2922 795 2990 tumuitus,
808 2923 850 2975 sert
