1968 3294
226 142 230 152 ’
302 139 447 178 benennon
461 141 595 182 nomnen.
682 165 685 172 ·
799 131 845 179 don

67 222 98 266 6.
115 216 255 273 Praeterea,
271 215 408 276 lamnas
429 216 454 264 in
470 217 515 268 tine
532 217 693 268 vacivitate
714 217 761 269 Dei
769 253 778 275 ,
793 219 847 270 dicit

34 287 106 350 quod
120 301 138 333 o
155 286 215 336 liena
226 284 250 334 in
263 283 301 334 iila
314 285 451 336 bonoratur
464 287 515 337 aue
532 286 578 338 lane
588 287 707 349 videbitne,
718 288 768 339 cine
783 287 845 338 lauti·

34 357 79 407 dio
94 356 225 416 amabitur,
236 355 285 405 siue
296 354 434 418 *fatigatione
447 355 581 407 badabitun.
599 372 614 404 o
630 357 692 420 Ergo
701 357 750 408 lans
764 369 848 421 prous-

35 425 151 490 uiguatis
163 425 253 476 dotibus
266 424 409 476 annumerari
424 426 499 477 debet.

72 500 101 545 a.
117 497 246 554 Promea,
258 494 350 546 Boetius
363 496 429 558 pouit
440 497 540 560 quinque
555 497 583 549 ad
596 496 760 549 beatitudinem
777 497 846 562 probb

37 567 132 618 nentia
142 567 173 615 iu
186 565 223 616 ill.
248 565 281 615 Do
295 565 435 622 coortae„
452 579 503 630 que
523 571 576 618 sant
589 569 637 621 neu
654 583 661 618 ε
676 568 845 632 susbtantia.

38 649 119 701 qnam
140 634 553 700 nnomittnntdinitiejncnndilua.
563 651 631 701 qnam
644 639 847 703 promitbtrolup-

38 713 99 770 tns3
116 703 337 768 celeboalanqnaan
350 705 461 768 ponant
473 705 550 770 farna;
564 709 699 764 aconiton,
715 719 782 772 qnam
793 719 846 771 nac·

40 775 126 828 mittit
145 775 260 840 potentia3
278 775 437 835 rocenac,
448 785 515 839 quum
527 777 639 840 promittit
654 778 762 841 albuinus.
771 777 800 828 nt
811 777 847 829 uio

38 857 146 908 ridetur
156 854 217 922 qood
228 855 273 906 ista
283 855 359 919 potins
373 853 481 907 deberent
500 855 610 920 assinanri
626 856 697 908 doleo
709 857 777 922 quina
788 869 845 922 onae·

40 928 121 978 dicta.

79 997 239 1057 (cunctosne.
258 1019 290 1034 ··
305 995 471 1046 convenienter
484 1001 532 1047 tres
555 996 675 1059 accinctu
693 1001 747 1048 suot
760 997 846 1050 enimn

42 1071 137 1128 notes,
156 1065 255 1129 scilicet,
270 1064 345 1128 risio,
356 1077 409 1129 quae
431 1065 501 1128 ndei,
516 1065 766 1130 comprehensioque
785 1067 845 1134 spei,

43 1139 149 1200 fruitio,
160 1147 210 1199 qun
220 1135 327 1186 charitati
342 1135 492 1200 respondet.)
643 1177 645 1184 ,
840 1133 842 1136 ’

80 1207 223 1272 Respondeo
238 1205 370 1269 dicendum,
384 1205 443 1270 qood
466 1207 496 1257 ab
509 1205 613 1257 omnibns
631 1205 782 1259 conmuniter
799 1211 848 1260 tues

45 1283 175 1344 ponuntur
194 1278 274 1328 animan
291 1277 373 1338 dotes,
389 1273 539 1327 dinannode
556 1278 630 1328 buten
647 1291 654 1325 ε
675 1275 766 1340 quidam
785 1278 847 1329 euiur

48 1351 139 1402 dicunt
151 1345 269 1411 quoiates
282 1347 363 1398 aniane
377 1347 441 1398 dotes
454 1347 518 1408 suut,
533 1349 599 1398 virio
609 1387 617 1405 ,
629 1346 732 1398 olentia
743 1351 768 1398 et
778 1347 848 1412 suno

50 1425 106 1484 lio,·
122 1418 212 1484 quidam
222 1417 276 1469 norb
285 1417 363 1467 dieunt
372 1416 433 1480 qaod
444 1421 497 1468 sunt
507 1419 580 1476 visio»,
590 1418 685 1481 notato
698 1425 721 1468 et
732 1429 847 1483 comprae-

50 1493 159 1552 lrencio‚·
170 1489 260 1553 quidem
277 1487 333 1540 roro
347 1487 405 1552 qudd
421 1492 474 1554 sont
487 1490 567 1544 ateio,
586 1488 721 1539 delectatio
738 1493 763 1540 et
782 1503 847 1541 eom·

49 1562 198 1627 prehensio.
220 1559 305 1610 baanes
325 1561 402 1610 tannn
422 1560 457 1608 bae
481 1558 644 1624 assignationes
664 1560 803 1611 educuntur
821 1561 848 1612 iu

50 1633 136 1694 idom,
149 1633 173 1680 et
189 1629 267 1680 odera
290 1627 448 1678 nodosarum
470 1639 578 1678 numerus
599 1627 736 1692 assignatur.
760 1630 848 1682 niotuna

51 1701 120 1753 enirn
135 1703 172 1750 est
185 1699 237 1762 (ant.
252 1697 288 1762 a),
299 1697 360 1761 quid
375 1697 421 1747 aloa
434 1701 470 1748 est
481 1698 565 1762 aliquid
578 1697 658 1750 anione
672 1699 848 1764 inincensatur

53 1771 118 1838 quod
130 1769 244 1822 ordinatur
258 1769 290 1833 tt)
308 1767 334 1820 ad
346 1769 500 1832 operationem
515 1770 540 1819 iu
550 1780 594 1832 qua
604 1768 709 1820 consistit
721 1769 846 1821 beatitudo.

54 1848 82 1896 ln
97 1855 145 1908 qua
157 1841 247 1905 quiden
262 1840 391 1904 operatione
404 1842 448 1891 duo
461 1839 620 1905 requiruntur;
632 1841 719 1892 scilicet
736 1841 785 1905 insa
795 1840 849 1892 cub·

54 1914 146 1966 stantia
158 1903 310 1975 ope'nntionis,
322 1922 375 1974 aaa
385 1915 420 1962 est
432 1913 509 1972 oiri03
523 1913 547 1960 et
558 1910 668 1974 perfectio
680 1912 739 1975 eius,
752 1923 801 1974 que
814 1915 849 1963 est

55 1985 212 2044 delectatio‚·
224 1985 312 2046 oportet
325 1981 387 2032 euim
398 1981 561 2034 beatitudiuem
570 1993 621 2032 esse
634 1982 786 2046 operationem
798 1993 849 2046 pen-

55 2058 152 2107 rectam.
170 2050 233 2102 visio
247 2057 324 2103 autenr
342 2051 417 2116 aliqan
436 2055 472 2104 est
493 2052 632 2104 delectabilis
651 2051 789 2116 dupliciter:
803 2063 849 2104 uuo

57 2125 146 2185 nando,
160 2135 189 2175 eu
201 2125 265 2186 parte
274 2121 370 2184 obtati,
384 2123 408 2172 in
418 2127 529 2186 quomam
541 2122 567 2172 id
578 2123 638 2186 quod
651 2123 751 2185 videtur,
760 2125 795 2173 eat
809 2121 848 2173 de·

56 2193 179 2251 nectabite;
191 2193 235 2242 alio
250 2192 330 2254 modo,
348 2201 376 2240 ex
395 2196 459 2254 parte
479 2192 589 2253 visionis,
603 2193 628 2242 iu
647 2197 755 2256 quantum
774 2192 849 2258 ipsum

57 2263 149 2315 uidere
156 2260 288 2312 delectabile
298 2264 347 2325 est;
361 2261 420 2312 sicat
430 2262 568 2313 delectamur
579 2261 605 2313 iu
616 2264 771 2327 cognoscendo
780 2263 848 2326 mab,

58 2332 166 2398 utramuis
177 2331 234 2382 mala
245 2343 286 2383 nos
299 2343 346 2382 nou
358 2332 481 2383 delectent.
493 2335 522 2384 nt
534 2335 586 2398 quia
600 2334 701 2398 operatio
714 2333 753 2384 illa
771 2333 795 2383 iu
805 2339 850 2400 que

58 2405 142 2455 ultirna
155 2401 268 2453 beatitudo
281 2401 404 2464 consistit,
417 2403 484 2453 debet
498 2415 548 2454 esse
561 2404 734 2468 perfectissima,
750 2404 802 2455 ideo
814 2415 850 2454 ne·

59 2474 158 2539 quiritur
171 2471 232 2538 qood
244 2472 303 2524 risio
316 2473 354 2523 illa
363 2471 395 2524 sit
412 2475 508 2538 utroque
519 2477 586 2526 modo
604 2475 750 2526 delectabilis.
762 2473 794 2525 nd
809 2475 852 2526 boc

94 2641 128 2705 (l)
143 2639 290 2698 immediate,
310 2647 336 2687 ut
347 2642 484 2704 principium
498 2644 563 2702 ejus,
581 2643 611 2690 ad
628 2653 680 2690 eam
693 2646 746 2690 netu
758 2642 852 2690 elicien-

63 2708 118 2753 dam
135 2703 261 2750 formaliter
271 2713 424 2763 concurrens,
436 2708 502 2761 iuxta
513 2705 605 2751 sensiam
616 2707 663 2761 iam
678 2707 742 2764 priris
750 2707 852 2764 explicu-

64 2775 124 2813 1nnn.
138 2765 201 2818 Quod
217 2769 292 2811 catena
306 2768 419 2822 ejusmodi
431 2768 536 2824 operatio
549 2768 656 2824 adquam
669 2769 788 2814 ordinatur
800 2769 851 2825 dae,

65 2835 89 2875 et
101 2830 124 2872 in
139 2839 183 2884 qun
197 2827 315 2873 beatitudo
328 2829 440 2888 consistit,
449 2841 495 2874 non
509 2831 552 2874 ulia
566 2839 617 2874 esse
628 2829 712 2871 donuae
721 2829 790 2884 qnbm
801 2841 854 2887 pen·
