1954 3314
138 149 182 196 ¹096
278 158 475 206 sorrrsrrsurmr,
487 157 579 201 oorasr.
597 157 687 202 mxxv,
701 157 758 194 aar.
777 157 793 194 r.

82 235 88 242 “
137 235 212 294 bilior,
229 233 282 296 quia
298 231 384 296 quautb
397 230 537 282 tremotiori
550 232 648 293 ridetur,
657 232 700 282 sub
714 231 899 296 miuorlaugulo
910 231 941 279 ri-

137 307 211 358 detur.
225 307 255 355 El
266 305 319 368 quia
330 305 392 354 risus
406 304 507 368 eorporis
519 302 611 366 gloriosi
627 305 671 352 erit
688 303 897 366 perfectissimos,
913 317 941 354 er
959 325 960 340 κ

138 375 273 440 parvissima
283 373 439 425 immutatione
452 373 636 438 poteritridere3
648 371 708 424 unde
717 374 762 424 sub
770 373 858 437 angulo
869 374 941 424 multo

138 447 220 498 minori
238 445 314 496 videre
327 446 411 510 poterit
425 444 492 509 quim
505 445 573 496 modo
590 443 676 509 possit,
692 449 717 496 et
736 458 778 510 per
794 458 940 512 consequeus

138 517 211 569 multd
225 517 296 582 magis
309 517 322 568 a
335 517 438 570 remotis.

367 791 706 862 obdormitatio.

185 935 219 981 De
232 933 365 981 subtilitate
378 932 663 992 corporomtemorom,
676 935 706 978 a'o
719 945 764 978 sss,-
778 937 901 982 articulos

491 1005 580 1051 divise.

172 1155 257 1207 Deinde
267 1155 458 1206 considerandum
467 1157 503 1204 est
511 1155 539 1204 de
548 1153 671 1206 subtilitate
681 1165 803 1216 corporum
810 1155 933 1208 beatorum.

173 1227 235 1278 Circa
248 1227 308 1290 quod
318 1230 451 1290 queruntur
467 1239 508 1276 sex
518 1241 525 1274 :
535 1228 561 1274 1⁰
575 1223 655 1274 Utrum
663 1224 778 1275 subtilitas
791 1225 821 1276 sit
833 1228 935 1292 proprie-

142 1303 177 1348 tas
190 1299 290 1362 corporis
305 1296 404 1360 gloriosi.
418 1299 444 1346 2⁰
457 1296 535 1353 Utrirm
544 1295 630 1346 ratione
641 1296 709 1360 liujus
720 1295 856 1348 subtilitatis
864 1301 935 1363 possit

142 1383 192 1420 esse
204 1369 228 1420 io
242 1370 322 1420 eodem
335 1370 384 1419 loco
399 1381 450 1418 eum
463 1367 508 1416 alio
521 1380 613 1430 corpore
625 1379 672 1416 non
691 1367 797 1430 glorioso.
814 1371 843 1418 3⁰
863 1371 934 1422 Utnim

143 1455 184 1505 per
195 1440 326 1490 miraculum
337 1441 381 1490 duo
399 1451 493 1503 corpora
503 1439 591 1502 possint
606 1437 674 1488 simul
687 1451 737 1490 esse
750 1438 775 1488 in
788 1441 870 1492 eodem
882 1442 933 1494 loeo.

144 1516 172 1562 t⁰
190 1511 269 1562 Utrbm
285 1525 366 1576 eorpus
379 1510 499 1576 gloriosum
513 1509 587 1574 possit
599 1523 650 1560 esse
667 1523 718 1558 oum
738 1509 783 1561 alio
802 1511 902 1574 glorioso
916 1514 934 1562 iu

143 1582 223 1634 eodem
240 1583 299 1633 loeo.
315 1585 341 1632 5⁰
352 1581 432 1635 tltrirm
452 1594 534 1646 eorpus
551 1580 672 1644 gloriosum
691 1583 824 1636 necessario·
844 1584 935 1648 requirat

143 1654 253 1718 aquaem
267 1653 310 1704 sibi
320 1653 402 1706 locum.
413 1656 440 1702 6ο
450 1651 531 1702 Utrirm
541 1665 624 1716 eorpus
637 1651 761 1715 gloriosum
772 1653 803 1704 sit
815 1655 932 1720 palpabis.

435 1831 599 1883 saliculos
620 1831 640 1881 l.
718 1826 720 1836 ⁴

219 1958 305 2005 Utrum
320 1956 441 2002 subtilitas
458 1955 490 2000 sit
508 1956 641 2013 proprietas
655 1957 761 2014 corpore
769 1959 878 2012 gloriosi.

179 2083 212 2132 ld
229 2079 328 2146 primum
344 2081 378 2132 sic
390 2081 526 2144 proceditur.
544 2083 639 2133 Videtur
650 2081 710 2145 quod
724 2083 841 2134 subtilitas
855 2097 898 2135 ron
910 2083 933 2132 sit

147 2151 275 2218 proprietas
295 2151 395 2215 eorporis
414 2151 514 2214 gloriosi.
527 2153 655 2216 Proprietas
671 2153 732 2204 enim
756 2154 835 2218 glorie
854 2153 934 2206 excedit

146 2222 309 2290 proprietatem
329 2227 429 2286 tratura,
446 2223 504 2274 siout
525 2224 602 2286 gloriar
621 2226 714 2276 claritas
737 2225 864 2294 claritatem
877 2226 932 2284 solis,

147 2309 198 2360 quae
218 2298 253 2344 est
267 2293 365 2350 maxima
384 2295 408 2344 in
424 2300 512 2346 natura.
528 2296 551 2346 si
573 2309 627 2360 ergo
644 2295 756 2346 subtilitas
772 2295 803 2346 sit
820 2298 934 2362 proprietas

146 2364 251 2430 eorporis
261 2364 367 2428 gloriosi,
381 2365 472 2416 videtur
485 2365 545 2430 qubd
561 2379 643 2430 corpus
655 2367 778 2429 gloriosum
795 2368 895 2419 tutorum
910 2367 933 2416 sit

147 2434 252 2487 subtilius
267 2435 328 2486 omui
342 2438 449 2500 quoiast
462 2437 547 2488 subtile
563 2437 586 2486 io
601 2441 696 2500 uutura3
708 2442 731 2488 et
745 2437 777 2488 ita
790 2440 834 2489 erit
846 2455 859 2486 a
871 2439 934 2489 rerrtis

147 2519 244 2569 aereque
260 2506 403 2570 subtilius,o
417 2509 478 2570 quod
491 2513 527 2558 est
540 2509 635 2560 heresis
647 2507 660 2558 l
673 2508 780 2571 Gregorio
790 2507 815 2559 in
828 2510 934 2562 consar-

147 2577 296 2640 tioopolitana
308 2580 363 2630 orbe
374 2579 525 2642 damnabant
539 2579 589 2642 ipse
608 2582 686 2630 narrat
696 2579 720 2629 irr
734 2579 785 2629 lllll
795 2579 837 2630 lrb.
851 2577 933 2630 llorol

114 2707 121 2716 ,
178 2653 201 2699 9.
218 2649 342 2712 Praeterea,
356 2651 415 2702 siout
426 2649 527 2700 caliditas
540 2653 564 2700 et
576 2648 695 2714 frigiditas
707 2654 761 2700 sual
774 2652 876 2713 quedem
888 2663 935 2714 goa·

148 2720 223 2770 litotes
232 2719 367 2784 simplicium
380 2735 512 2785 corporum,
524 2719 613 2771 seilicet
622 2719 802 2786 elementomm3
816 2719 880 2772 itaet
889 2722 934 2772 sab

147 2788 229 2840 tilitas.
245 2791 289 2841 Sed
303 2791 401 2843 coloret
422 2791 472 2841 alim
484 2790 606 2853 qualitates
623 2791 789 2842 elementorum
805 2806 850 2843 non
869 2794 935 2843 inten-

151 2859 233 2912 duntur
246 2862 268 2912 iu
282 2862 386 2925 gloriosis
402 2859 533 2925 corporibm
554 2863 627 2924 magis
641 2860 709 2924 quim
723 2875 798 2924 aune,
812 2862 857 2913 iord
871 2861 934 2924 magis
