2030 3330
332 183 363 221 nr
379 183 493 224 arcannm
509 183 613 222 narnias.
676 163 701 180 ”
827 174 872 222 tta
927 233 929 242 s

67 261 108 312 luet
126 275 182 315 eum
196 273 291 314 monere
309 263 334 312 ut
347 267 426 312 caveat
441 261 547 328 periculo
560 261 643 314 animae
658 261 709 327 ejus
728 265 752 314 et
767 262 873 314 scandalo

67 333 182 395 aliorum,
193 334 300 398 quamvis
314 347 371 384 uror
385 347 430 386 non
444 333 518 398 possit
531 333 739 386 reconciliationem
754 337 840 399 petere.

98 407 137 458 ild
150 405 258 471 quintum
274 407 401 470 moenium,
415 405 485 471 qnid,
501 406 522 456 si
536 406 672 458 adulterium
686 407 729 458 riri
745 407 775 458 sit
798 409 874 460 occul-

66 483 132 544 tum,
148 493 192 543 per
199 479 244 542 hoc
258 491 304 530 non
317 477 418 530 aufertur
425 477 464 542 jus
475 476 604 542 excipiendi
614 482 692 530 contra
702 479 874 530 accusationem

67 551 114 601 uiri
138 538 353 614 uxori‘arlulterae,
372 551 476 615 quamuis
496 549 557 600 lesit
575 550 619 600 sibi
638 550 749 616 probatio.
769 553 799 602 lit
820 551 873 603 ideo

67 625 153 686 peccat
166 621 203 672 vir
213 619 338 674 diuortium
349 624 431 687 petens
439 637 446 684 ;
455 623 478 672 et
491 620 571 684 sipost
584 622 721 674 servantiam
735 623 763 673 de
777 623 874 674 divortio

11 755 12 764 χ
68 707 129 744 arur
148 695 215 758 petat
239 691 340 745 debitam
364 697 403 744 aut
424 691 650 760 reconciliationem,
673 692 708 744 uir
734 697 827 746 tenetur
847 696 876 747 ad

70 769 206 832 utrumque.

327 970 624 1083 causarentur.
705 1065 708 1073 ,

149 1150 313 1201 verecundie
325 1133 436 1211 nuptiis,
449 1152 479 1198 to
492 1150 552 1210 duos
570 1152 688 1200 articulos
709 1152 799 1200 dicire.

103 1300 278 1362 consequenter
291 1296 479 1349 considerandam
493 1265 528 1349 est
540 1297 568 1349 de
578 1297 686 1350 secundis
700 1297 797 1364 nuptiis.

104 1371 217 1422 marcnes
236 1372 280 1422 hoc
302 1372 434 1434 quaerantur
451 1369 495 1422 duo
510 1369 544 1434 (tl
564 1373 612 1421 al·
625 1369 706 1422 Utulm
731 1371 778 1422 siut
799 1370 874 1424 licitae.

74 1449 102 1494 2⁰
114 1442 198 1512 Utrum
211 1441 259 1496 sint
272 1443 445 1493 sacramentum.

377 1609 536 1673 talitatis
551 1613 570 1662 1.

254 1735 337 1797 Uirium
346 1740 452 1786 secundo
465 1740 555 1798 nuptio
568 1740 618 1785 uim
628 1739 705 1786 licitu.

104 1865 254 1930 ltprimum
268 1866 301 1918 sic
316 1867 452 1932 proceditur.
473 1867 568 1919 litetur
590 1866 652 1931 quta
670 1867 777 1919 secante
790 1867 877 1932 nuptie

78 1952 124 1990 nou
140 1939 187 1990 siut
197 1938 276 1991 licita.
291 1939 349 1999 Quia
358 1939 470 2004 judicium
483 1941 512 1991 dc
523 1951 549 1991 re
559 1939 627 1992 dehet
636 1933 687 1990 esse
698 1939 823 1990 secundum
834 1953 877 1991 ue·

78 2011 177 2062 nutem
190 2009 252 2061 Dicit
263 2015 338 2062 autern
358 2013 551 2076 chrysostomus,
565 2011 625 2076 qnid
636 2027 650 2058 a
661 2011 785 2065 seeundum
802 2011 879 2062 vuum

79 2081 182 2147 accipere
191 2119 202 2145 „
218 2081 342 2136 meandum
354 2083 474 2135 ueritatem
489 2090 525 2134 est
537 2083 673 2148 ·lornioutio;
690 2096 769 2148 aqua
782 2096 828 2134 non
844 2085 880 2134 est

79 2155 151 2206 licita.
165 2154 226 2216 Ergo
242 2167 284 2205 nec
298 2154 422 2208 secuudum
437 2154 614 2208 matrimonium.

11 2225 13 2250 ³
111 2232 134 2280 t.
147 2228 272 2289 Praeterea,
282 2240 349 2280 omne
367 2229 425 2292 quod
441 2241 488 2279 non
507 2232 542 2280 est
556 2229 657 2291 hunum,
668 2241 715 2297 nep
728 2230 764 2278 est
782 2227 879 2278 licitum.

83 2301 129 2351 Sed
140 2297 270 2350 Ambrosius
279 2299 333 2350 dicit
340 2337 349 2364 ,
358 2299 419 2364 quod
435 2301 586 2362 «secuudum
602 2297 771 2352 matrimonium
783 2312 829 2350 non
845 2302 886 2350 est

83 2371 177 2422 honum.
190 2387 203 2419 u
212 2371 271 2435 Ergo
284 2384 330 2423 aon
341 2376 377 2423 est
388 2371 488 2422 licitum.

115 2447 137 2494 a.
151 2444 278 2504 praterea,
290 2443 366 2493 nullus
379 2443 451 2494 arceri
464 2442 545 2506 dehet,
557 2441 587 2494 ne
600 2442 691 2494 intersit
703 2441 749 2493 illis
762 2455 813 2508 qna
827 2446 881 2494 sant

84 2515 177 2565 honesta
186 2515 209 2563 et
221 2512 294 2564 licita.
306 2513 351 2567 Sed
366 2514 493 2566 sacerdotes
507 2519 621 2578 arcentur,
636 2527 665 2564 ne
677 2513 783 2565 intersint
802 2528 881 2566 secun-

85 2587 119 2636 dis
134 2585 233 2650 nuptiis,
244 2587 269 2636 ut
283 2586 308 2636 in
321 2586 396 2637 littera
409 2588 480 2651 patet.
493 2587 553 2650 Ergo
566 2599 613 2638 non
626 2589 679 2637 sunt
697 2585 773 2636 licita.
793 2639 796 2652 ,

116 2659 138 2708 t.
158 2657 287 2718 Pramnos,
301 2657 378 2708 nullus
395 2660 496 2722 reportat
512 2671 616 2722 poenam.
630 2657 673 2711 nisi
685 2669 728 2720 pro
741 2657 818 2723 eulpa
838 2659 882 2710 Sed

87 2741 125 2791 pro
141 2727 245 2780 monadis
270 2729 359 2792 nuptiis
383 2728 464 2794 aliquis
479 2733 579 2794 reportat
596 2728 767 2794 irregularitatis
780 2743 881 2795 ponam.
936 2710 947 2736 ”
1002 2795 1003 2806 ἶ

90 2799 144 2864 Ergo
157 2812 204 2851 non
217 2801 271 2851 sunt
284 2799 363 2852 licita.

118 2913 152 2979 (l)
165 2905 256 2967 Exit.
269 2916 348 2972 Seni„
361 2917 415 2967 (list.
425 2919 466 2984 ta,
480 2933 520 2980 qn.
533 2919 558 2982 3,
573 2925 616 2967 art.
629 2918 641 2968 1
657 2923 681 2966 et
694 2919 718 2967 Ξ.
