1966 3304
280 167 488 213 utillimum
502 175 612 219 molluit.
801 181 847 229 243

77 239 110 289 dd
122 239 217 292 tertium
233 243 371 311 dicendum,
382 250 444 314 quid
454 255 527 316 qualis
540 261 575 307 est
587 258 634 321 len,
651 261 704 314 talis
716 264 785 318 debet
797 281 848 322 esse

46 311 184 375 dispensatio
205 315 271 380 legis.
293 319 374 380 Unde,
387 324 440 386 quia
460 326 497 376 lex
518 332 605 381 natura
624 335 659 389 est
675 337 782 390 cordibus
798 341 847 392 im-

45 395 136 445 pressa,
146 396 194 435 non
208 387 309 450 oportuit
321 391 514 456 dispensationem
527 412 606 451 eorum
615 417 665 468 qne
678 408 706 458 ad
719 409 793 473 legem
803 426 845 464 na·

44 458 98 504 inre
115 456 248 522 pertinent,
262 459 312 523 lego
330 465 416 529 scripta
430 467 492 532 dari,
506 471 546 522 sed
566 485 607 536 per
623 475 735 530 internam
749 481 845 548 inspira-

42 525 128 578 tionem
141 527 202 579 lieri.

72 599 223 666 telonarium
237 602 369 670 dicendum,
381 608 441 672 oubd
456 613 563 666 veniente
578 617 685 684 cbristo,
699 623 743 674 init
753 628 844 694 tempus

41 669 192 732 plenitudinis
210 675 288 738 gratim
307 678 404 744 Christi,
420 693 462 746 per
481 693 551 748 ‘qnam
571 689 645 741 cultus
664 693 705 744 bei
723 696 745 746 in
764 711 844 752 omnes

43 745 121 803 gentes
143 743 256 808 spirituali
278 751 440 814 propagatione
455 755 551 808 diffusus
567 763 612 812 est.
631 763 661 813 Et
678 766 729 818 ideo
748 782 794 822 non
809 779 844 825 est

42 814 119 864 eadem
132 817 194 866 ratio
210 817 387 882 dispensationis
401 839 451 888 qnae
469 833 518 878 erat
531 835 584 882 ante
603 833 686 887 Christi
700 839 843 910 adventum,

42 887 131 946 mando
154 889 232 940 cultus
255 890 296 941 bei
311 895 403 946 carnali
425 902 589 966 propagatione
611 907 803 973 multiplicabatur
820 920 843 967 ot

41 959 226 1011 conservabatur.

68 1030 104 1078 dd
124 1030 232 1094 quintum
245 1033 383 1102 dicendum,
398 1039 458 1103 qnbd
476 1043 570 1109 proles,
586 1049 713 1102 sccundbm
730 1055 789 1118 qubd
807 1063 842 1112 est

39 1099 123 1151 bonnm
135 1103 294 1167 matrimonii,
311 1107 406 1160 includit
418 1112 486 1164 fidem
500 1117 529 1166 ad
541 1119 612 1170 Deum
626 1124 775 1188 servandam,
790 1129 842 1192 quia

38 1172 163 1223 secundbm
176 1173 237 1239 qubd
247 1179 324 1241 proles
333 1185 466 1244 expectatur
475 1187 502 1237 ad
515 1187 598 1240 cultum
610 1192 652 1244 liei
664 1195 788 1261 educanda,
799 1215 839 1266 po·

38 1246 99 1295 nitur
111 1247 254 1299 matrimonii
268 1251 364 1321 bonum..
376 1250 449 1306 llides
457 1260 533 1310 autem
549 1261 578 1312 ad
591 1263 662 1314 beum
679 1271 792 1322 servanda
805 1278 840 1360 εει

36 1319 109 1380 potior
125 1320 197 1382 quam
210 1321 266 1382 tides
280 1324 346 1374 uxori
357 1329 486 1392 seruanda,
496 1343 547 1394 onae
560 1335 652 1397 ponitur
661 1338 840 1394 bonum'matri-

37 1391 122 1451 monii,
133 1395 157 1442 el
165 1391 234 1454 qudam
247 1395 382 1456 significatio
390 1412 441 1462 qum
449 1403 549 1465 pertinet
561 1407 589 1457 ad
604 1415 839 1484 sacramentumquip

37 1463 173 1526 significatio
188 1465 217 1515 ad
237 1465 291 1516 fidei
306 1468 459 1538 cognitionem
475 1475 600 1526 ordinatur.
621 1479 647 1529 Ei
666 1480 717 1533 ideo
738 1498 784 1534 non
803 1501 815 1538 e

38 1533 202 1586 inconveniens
217 1535 238 1586 si
256 1543 349 1602 propter
360 1540 445 1592 bonum
460 1543 530 1607 prolis
544 1547 630 1612 aliquid
646 1547 772 1605 detrahitur
788 1558 839 1610 aliis

37 1606 121 1658 dnobus
130 1607 346 1661 bonienectumeu
357 1613 578 1682 omuinotolluntnr3
592 1621 644 1683 quia
658 1626 681 1675 et
694 1624 750 1676 fides
760 1623 838 1681 manci

35 1678 60 1727 ad
73 1679 170 1742 plnres,
182 1681 206 1730 et
219 1679 385 1733 sacramentum
398 1685 475 1749 aliquo
492 1691 573 1753 modo,
591 1692 658 1754 quia,
667 1697 772 1758 quamvis
786 1689 839 1751 non¹

35 1750 200 1813 significaretur
213 1751 344 1814 conjunctio
358 1756 444 1806 Gbristi
454 1759 483 1810 ad
498 1760 623 1813 Ecclesiam
636 1763 661 1814 in
675 1771 785 1828 quantum
802 1767 838 1823 εειΙ

35 1835 90 1883 una,
104 1821 277 1886 significabatur
291 1828 367 1877 umen
388 1841 430 1892 per
444 1831 598 1894 pluralitatem
613 1849 709 1888 uxorum
722 1839 837 1897 distinctio

35 1895 143 1954 graduum
156 1893 184 1946 in
196 1891 313 1962 llcclesia,
327 1901 485 1964 maeonidem
500 1916 546 1954 non
561 1905 635 1957 solbm
648 1913 683 1960 est
697 1909 721 1960 ln
735 1911 836 1966 Ecclesia

35 1965 163 2029 militante,
181 1967 303 2018 sedetiam
318 1969 342 2019 in
354 1969 526 2037 triumphante;
541 1979 565 2026 ει
580 1975 632 2029 ideo
645 1978 836 2046 illorum'matri-

35 2037 105 2088 monia
129 2037 292 2101 aliquomodo
312 2041 472 2106 significabant
492 2047 677 2110 coniunctionem
697 2055 783 2108 Christi
806 2063 835 2108 ad

34 2107 154 2160 Ecdmianu
160 2145 170 2172 ,
181 2122 228 2162 non
237 2111 311 2162 sclam
319 2113 466 2180 militantem,
477 2121 502 2168 ut
511 2119 603 2184 quidam
613 2125 701 2190 dicunt,
715 2128 833 2180 sedetiam

35 2179 225 2246 tdnmpbantom,
239 2183 263 2240 in
276 2196 321 2247 qna
334 2189 388 2237 snut
401 2186 498 2241 diverse
511 2193 641 2247 mansiones
655 2196 699 2260 (l).

62 2333 96 2398 (1)
115 2336 247 2384 secundbm
264 2341 328 2397 qnod
342 2343 426 2390 dicitnr
438 2345 523 2398 douo„
537 2349 604 2410 xiv,
617 2351 691 2398 telo
702 2352 771 2398 domo
785 2357 833 2401 Po-

36 2399 75 2444 trie
84 2401 139 2445 mei
151 2403 293 2449 mansiones
307 2406 507 2455 mollescerent
520 2413 584 2458 adid
597 2413 679 2460 referri
691 2419 769 2472 potest
778 2417 833 2465 illud

36 2461 121 2508 Proim.
135 2465 234 2526 xnvn,
245 2465 260 2510 3
272 2483 278 2510 ε
293 2467 358 2514 Deum
371 2471 401 2516 ιε
417 2472 529 2518 domibus
545 2475 599 2532 ejus
613 2481 782 2536 contumacior,-
797 2483 833 2528 rel

37 2527 90 2582 apud
102 2528 180 2574 LXX:
194 2528 220 2580 du
230 2530 279 2598 Ιτοῖς
293 2529 386 2602 βαρέσιν
391 2572 403 2602 ,
420 2536 590 2595 ineruditus.

828 2624 834 2654 l
