1954 3314
219 150 249 186 on
264 147 470 188 rnrsssrnrnmnrc
488 149 630 197 conminus,
648 147 701 186 erc.
761 163 762 168 =
814 140 858 186 tos

51 227 111 274 ouat
124 225 207 274 virtuti
221 225 319 286 Christi;
334 223 409 288 quia«
425 225 500 288 qualis
513 225 625 285 caelestis,
635 225 693 275 tales
706 228 731 274 et
745 225 858 288 coelestes,

50 301 61 347 l
77 299 152 354 Gor„
167 297 217 357 XV;
230 301 254 348 et
267 297 388 361 Philipp..
404 299 434 347 lll
454 296 645 346 :otteformanit
661 309 744 359 corpus
765 295 858 346 numili-

48 369 110 418 tatis
134 373 219 418 nostre
238 368 401 430 conspiratum
422 367 512 432 corpori
530 367 641 418 claritatis
664 365 859 417 sue‘secunddm

49 439 213 504 operationem
230 452 275 503 qua
292 439 335 489 sihi
351 440 424 502 possit
439 440 550 504 subiicere
564 439 657 500 omnia,
672 455 686 486 o
702 441 746 489 eto.
762 440 789 488 Et
802 451 860 502 pras·

47 516 127 573 teres,
139 523 187 561 non
197 515 272 574 potest
286 514 366 561 natura
376 510 476 562 coelestis
486 512 519 560 ita
533 510 645 560 dominari
663 511 687 560 iu
705 523 799 574 corporo
814 511 860 560 hu-

49 595 140 642 mano,
159 581 215 644 quin
234 585 313 631 natura
333 581 478 632 elementaris
497 587 627 642 remaneat,
641 581 679 632 oui
699 595 729 632 cx
748 580 860 632 essentia-

50 653 116 702 libus
134 653 183 702 suis
196 649 316 715 principiis
330 650 468 715 passibilitas
481 651 550 702 inest.

87 725 118 774 tlt
137 724 203 784 ideo,
218 723 283 772 aliter
303 723 422 774 dicendum
445 726 481 774 est
501 723 562 786 quod
575 723 651 774 omnis
674 723 752 786 passio
773 722 799 772 lit
817 735 859 786 per

50 795 175 845 victoriam
189 795 281 857 agentis
294 807 362 858 snper
374 795 478 857 patieus3
495 793 550 844 aliis
564 807 612 846 non
631 795 732 846 traheret
745 795 820 857 ipsum
831 795 859 844 ad

50 866 169 915 terminos
184 879 246 916 suos.
256 866 397 928 Impossibile
412 869 447 916 est
462 869 539 916 autem
554 865 614 930 qudd
628 865 714 928 aliquid
729 864 859 916 dominetur

50 949 125 1000 snper
140 937 245 999 patiens,
259 936 303 986 nisi
318 935 467 1000 inquantum
488 937 619 987 debilitatur
632 936 759 986 dominium
781 937 859 987 lormm

51 1007 154 1072 proprie
168 1019 238 1071 supra
251 1006 365 1057 materiam
381 1005 503 1071 patieutis,
519 1007 633 1071 loquendo
647 1009 675 1058 de
688 1007 858 1071 passioneque

51 1083 89 1129 est
103 1081 182 1128 contra
197 1081 315 1140 raonem,
331 1079 359 1128 de
372 1091 416 1141 qua
429 1091 491 1127 nuuc
503 1078 634 1141 loquimur3
649 1091 695 1128 non
710 1079 771 1128 enim
786 1081 857 1127 mate·
893 1073 901 1086 ⁹

51 1151 89 1199 ria
104 1148 227 1210 subjicitor
240 1149 281 1197 uni
293 1150 470 1208 contrariorum,
482 1149 532 1200 siue
547 1151 590 1199 troc
603 1151 663 1212 quod
677 1147 769 1198 tollatur
780 1149 857 1198 domi-

49 1221 117 1270 nium
138 1219 232 1269 alterius
249 1233 318 1284 super
337 1220 429 1283 ipsam,
446 1220 484 1271 rel
504 1221 584 1272 saltem
599 1219 744 1270 diminuatur.
767 1220 858 1282 corpus

51 1295 132 1340 nutem
146 1292 270 1340 numanum
284 1295 309 1342 el
321 1291 430 1354 quidquid
445 1291 470 1341 iu
483 1303 511 1342 eo
522 1297 574 1354 est,
588 1289 635 1340 erit
645 1288 747 1354 perlectd
764 1289 859 1354 subjec-

52 1366 105 1410 tum
115 1361 199 1412 animm
213 1360 331 1423 rationali,
346 1361 405 1412 sicut
417 1363 494 1416 anima
507 1361 607 1427 perlecto
620 1362 665 1414 erit
676 1359 776 1423 subjecta
791 1361 855 1410 Deo:

52 1437 78 1482 et
97 1433 152 1483 ideo
165 1431 191 1482 in
205 1445 300 1496 corporo
320 1433 418 1496 glorioso
439 1446 486 1484 uon
504 1434 590 1498 poterit
602 1445 655 1484 esse
672 1431 747 1495 aliqua
763 1431 858 1482 mutatio

52 1503 134 1554 contra
150 1503 322 1566 dispositionem
334 1504 395 1552 illam
406 1517 451 1567 pua
466 1505 621 1568 perseuerat
631 1503 721 1562 anima;
732 1503 794 1553 etita
806 1515 858 1553 oor-

55 1587 113 1637 pora
132 1574 170 1624 illa
186 1577 253 1624 eruut
265 1574 423 1640 impassibilia.

86 1647 121 1696 nd
134 1645 234 1710 primum
250 1659 303 1708 ergo
320 1647 455 1708 dicendum,
471 1647 547 1711 quod,
566 1646 689 1697 secuudum
705 1647 836 1697 luselmum

54 1716 170 1767 mortale
179 1717 304 1781 poniturin
319 1718 453 1769 delinitione
464 1718 564 1768 hominis
574 1718 589 1768 ι
599 1717 753 1783 philosophis,
761 1717 801 1781 qui
811 1729 858 1766 nou

52 1788 205 1854 crediderunt
226 1789 341 1839 hominem
360 1793 432 1840 totum
455 1789 576 1852 aliquando
594 1803 660 1853 posse
673 1802 724 1842 esse
741 1790 858 1839 immorta-

52 1861 118 1922 lem,
133 1858 247 1923 quianon
264 1859 369 1910 viderunt
384 1861 491 1914 homines
512 1859 557 1909 uisi
574 1861 697 1912 secuudum
710 1860 780 1924 hujus
793 1872 858 1910 mor·

54 1931 154 1980 talitatis
165 1934 259 1981 statum.
274 1931 314 1980 Vel
324 1934 401 1994 potest
412 1931 457 1982 dici
469 1931 544 1994 qood,
554 1931 678 1984 secundum
690 1928 856 1995 Philosophum

53 2001 79 2050 in
94 2002 125 2052 lll
140 2003 252 2066 Metapa.
269 2005 334 2061 ttext.
347 2007 386 2062 ta,
395 2008 421 2053 ut
434 2008 458 2055 et
472 2004 522 2053 lllll
536 2003 662 2068 metopo„
670 2007 728 2054 tent.
741 2003 792 2065 tn),
804 2001 857 2064 quia

56 2073 216 2126 «differentis
225 2076 359 2126 essentiales
369 2078 423 2125 sarit
435 2075 501 2125 ιιοιιιι
516 2076 646 2140 incognitas,
659 2093 673 2122 u
689 2075 774 2124 utimur
785 2085 858 2135 quan·

53 2146 153 2221 doque
150 2144 285 2195 dilieremiis
299 2145 476 2196 accidentalibus
488 2147 515 2196 ad
532 2147 705 2210 significandum
719 2143 858 2196 differentias

54 2191 192 2264 essentiales
199 2229 271 2278 ‚oum
287 2219 341 2265 sunt
354 2216 526 2267 accidentalium
541 2229 623 2266 causas.
629 2217 698 2266 Unde
714 2212 857 2264 mortalem

56 2282 192 2334 delinitione
201 2286 301 2336 nominis
310 2299 357 2337 uon
368 2285 462 2350 ponitur
469 2287 535 2350 quasi
546 2286 597 2350 ipsa
610 2286 735 2336 mortalitas
744 2284 772 2334 ad
780 2293 859 2334 esseu-

56 2353 115 2403 tiam
127 2354 228 2405 hominis
240 2357 365 2421 pertineam
380 2359 420 2410 sed
434 2357 486 2421 quie
495 2358 551 2408 illud
562 2359 621 2421 quod
633 2361 669 2408 est
682 2369 749 2406 causa
763 2353 860 2418 passibi-

56 2425 130 2476 litatis
147 2431 170 2475 et
185 2428 330 2479 mortalitatis
351 2427 478 2480 secundum
494 2434 630 2492 presentem
652 2431 735 2478 statum
754 2424 859 2490 (scilicet

56 2497 194 2560 compositio
213 2511 241 2548 ex
258 2499 390 2561 contrariis)
406 2503 442 2550 est
462 2501 492 2550 de
506 2500 604 2549 essentia
619 2498 732 2560 homiuis3
749 2499 789 2548 sed
804 2501 859 2546 tunc

58 2580 105 2618 nou
122 2569 167 2618 erit
182 2581 249 2619 came
263 2569 326 2632 ejus,
342 2574 434 2634 propter
451 2571 570 2621 victoriam
586 2571 669 2620 anima
683 2582 753 2633 snper
764 2582 855 2632 corpus.

89 2639 124 2688 nd
142 2641 267 2692 secundum
288 2642 425 2704 dicendum,
441 2642 499 2706 qudd
517 2642 601 2706 duplex
614 2647 650 2692 est
663 2641 775 2704 potentia,
789 2641 857 2703 ligata

11 2749 13 2756 .
56 2711 174 2772 stlitem,
188 2715 265 2763 ethoc
274 2726 321 2764 nou
335 2711 408 2763 solum
417 2720 453 2764 est
468 2727 547 2765 serum
561 2715 589 2764 do
601 2713 702 2777 potentia
713 2713 802 2774 activa,
819 2711 859 2762 sed

57 2780 127 2831 etiam
144 2783 173 2832 dc
187 2784 276 2846 passiva
290 2800 296 2832 ι
314 2785 385 2833 torma
398 2785 528 2845 enimltgat
546 2786 672 2848 potentiam
686 2785 804 2843 materiae,
818 2783 859 2833 de-

60 2853 204 2903 terminando
218 2855 292 2918 ipsam
307 2855 335 2904 ad
348 2869 430 2918 unum,
445 2860 470 2906 et
482 2855 606 2906 secundirm
621 2857 664 2906 lroc
678 2856 805 2906 dominatur
818 2867 858 2903 su·
