1936 3306
149 120 180 158 εκ
194 107 329 166 ourulrsru
342 122 470 163 turmuuu
486 125 512 164 nr
528 125 698 179 reponsorio,
714 130 767 169 nro.
816 123 862 171 aas

88 196 122 248 td
130 197 256 248 seeundum
272 198 408 264 dieeudum,
421 200 574 266 prinpum,
585 204 747 267 manvisnon
765 211 859 258 conun-

56 265 125 318 rietur
143 281 231 332 poene,
242 273 320 321 tumen
333 271 482 324 contrariatur
494 273 567 324 reatui
581 275 609 326 ad
627 289 735 340 poenam
752 278 808 342 quia
824 293 855 330 ex

56 338 97 390 hoo
112 343 192 461 mguet
207 339 313 406 obligatio
330 342 359 393 sd
374 355 480 409 ponam,
493 345 556 410 qudd
571 359 663 412 pmuam
679 361 726 400 nou
746 350 855 401 sustinuit

53 422 121 473 quam
151 411 240 463 edebat.

84 483 120 533 sd
140 483 232 534 tertium
248 483 381 549 dicendum,
393 485 456 550 quod
467 487 492 537 in
508 488 596 542 endem
611 490 685 542 uerbis
694 487 768 542 'sacre
782 492 861 558 Surip:

51 557 108 604 ture
124 552 181 605 latet
201 553 319 619 multiplex
331 556 480 609 intellectus:
497 561 557 612 unde
573 561 612 612 ille
624 561 685 625 ignis
697 566 773 626 potest
789 564 856 615 intel-

50 624 91 688 ligi
102 628 127 676 ει
138 624 255 677 tribulatio
264 637 366 690 presens
374 633 399 680 et
407 643 475 694 prena
483 643 588 694 sequens.
599 633 628 684 Et
637 647 677 698 per
686 638 807 698 utrumque
816 649 859 686 ue·

50 697 119 748 nialla
135 699 229 762 purgari
244 705 354 764 possunt3
371 703 411 752 sod
425 701 485 766 qudd
506 715 568 755 mors
583 704 693 756 naturalis
708 706 737 758 ad
755 707 800 759 hoo
813 720 860 760 nou

50 769 163 834 sufficiat,
180 770 248 835 suprt
259 771 344 823 dietum
364 776 408 824 est.

285 952 287 957 ·
346 929 506 982 ARTICULUS
522 929 559 982 Vl.

147 1034 235 1098 Utrum
244 1053 275 1099 od
284 1053 330 1098 itta
336 1065 408 1110 poeno
416 1066 481 1100 uuus
490 1055 605 1102 liberetur
613 1057 663 1104 otio
672 1057 750 1104 eitius

76 1181 111 1232 nd
126 1182 218 1232 sextum
231 1179 264 1230 sio
276 1181 411 1246 proredltur.
429 1181 523 1233 Videtur
537 1181 597 1246 qudd
614 1183 642 1234 ah
656 1183 695 1235 illa
715 1199 785 1250 prena
796 1201 857 1240 uuus

46 1265 91 1303 non
106 1251 219 1303 liberetur
237 1251 282 1302 alio
298 1251 375 1304 oitiirs.
387 1252 478 1313 Quanto
492 1253 553 1304 enirn
575 1253 664 1318 gravior
678 1261 715 1306 est
737 1257 817 1321 eulpa,
832 1261 856 1308 ει

45 1325 120 1389 major
139 1327 232 1387 reatus,
246 1323 310 1374 tauld
323 1324 426 1375 acerbior
438 1337 506 1389 poena
519 1325 645 1390 imponitur
662 1326 686 1378 in
704 1327 843 1393 purgatorio.

46 1398 90 1449 Sed
104 1411 156 1461 qum
173 1400 208 1446 est
225 1395 341 1460 proportio
354 1411 427 1462 poenae
440 1398 551 1462 grauioris
562 1399 590 1448 ad
606 1399 696 1464 culpam
709 1401 845 1465 puriorem,

44 1470 124 1520 eadem
137 1472 175 1518 est
189 1468 303 1532 proportio
316 1481 389 1532 posue
399 1469 493 1520 leuioris
504 1470 536 1520 ad
549 1467 640 1534 culpam
655 1471 776 1524 leuiorem.
788 1472 849 1538 Ergo

9 1581 10 1586 ,
45 1541 77 1591 ite
93 1539 140 1592 oitd
149 1539 259 1590 liberetur
271 1539 356 1590 unusi
370 1553 438 1604 pona
451 1540 491 1592 ills
503 1540 563 1592 deut
576 1541 644 1594 alius.

76 1620 99 1666 u.
115 1615 243 1674 Preterea,
258 1613 408 1678 inaequalibus
422 1614 510 1666 meritis
529 1615 653 1668 redduntur
667 1617 766 1682 equales
781 1619 848 1670 retri-

45 1688 164 1750 butiones,
179 1689 204 1736 et
216 1685 240 1736 iu
252 1687 309 1737 ooelo
322 1689 345 1738 ει
362 1686 387 1737 in
398 1687 487 1738 interno
499 1727 506 1751 ,
518 1692 630 1754 querutum
647 1690 676 1740 ad
693 1690 845 1742 durationem.

45 1760 102 1823 Ergo
116 1759 207 1810 uidetur
217 1757 321 1810 similiter
335 1772 385 1810 esso
399 1759 423 1808 iu
432 1759 570 1824 purgatorio.

74 1831 212 1882 Sedoontra
230 1833 265 1882 est
284 1829 411 1882 similitudo
426 1831 542 1896 Apostoli,
557 1833 597 1896 qui
615 1831 755 1886 differentias
767 1835 847 1887 uenia-

45 1901 99 1952 liuru
108 1915 150 1968 per
162 1918 176 1950 o
186 1901 273 1965 lignum
279 1939 288 1966 ,
300 1903 388 1953 ioenum
399 1906 422 1954 et
433 1903 563 1967 stipulam»
575 1904 722 1969 significarit.
735 1909 781 1960 sed
792 1921 846 1960 oon-

46 1977 90 2024 stat
101 1973 164 2039 qudd
178 1972 266 2036 lignum
285 1973 373 2026 diutiius
386 1977 464 2026 menet
475 1973 501 2025 in
514 1975 568 2038 igne
582 1976 650 2042 qutun
663 1978 750 2031 ioeuum
764 1982 789 2030 et
799 1979 846 2030 sti-

10 2051 11 2054 ’
44 2045 103 2110 putu.
120 2045 180 2108 Ergo
200 2057 271 2095 uuum
288 2049 408 2109 peecatum
422 2045 512 2096 uenidu
525 2046 610 2098 diutiirs
620 2049 714 2113 punitur
726 2049 750 2100 in
761 2062 844 2114 purga·

46 2118 101 2170 torio
117 2117 185 2183 quim
197 2115 267 2168 aliud.

74 2192 236 2256 (Concessio.
254 2215 285 2228 -
299 2191 319 2241 Α
333 2201 402 2254 poena
416 2189 539 2254 purgatorii
550 2203 609 2242 uuus
619 2190 687 2243 uitiis
701 2191 746 2244 alio
759 2192 847 2244 libera-
873 2216 909 2240 υ

44 2263 108 2328 tur.)
237 2297 239 2303 -
913 2307 917 2318 ,

72 2335 213 2400 Respondeo
229 2334 360 2398 dicendum,
374 2331 552 2398 quodquoniam
570 2334 671 2386 venialia
685 2336 739 2384 sunt
753 2335 847 2402 majoris

44 2405 187 2458 adterentiae
200 2406 269 2470 quan
282 2407 340 2467 alia,
356 2405 480 2458 seeundirm
496 2406 557 2470 qudd
574 2407 671 2457 allectus
685 2404 758 2468 magis
775 2408 804 2458 ad
817 2421 846 2460 ea

43 2478 175 2541 inclinatur,
191 2481 215 2528 et
228 2478 309 2529 fortiis
321 2478 346 2528 in
365 2477 399 2528 eis
412 2476 496 2540 ligitur.
510 2480 538 2528 lit
551 2479 605 2543 quia
619 2491 646 2529 ea
661 2490 713 2541 qum
727 2481 781 2530 sunt
794 2493 845 2532 ura·

42 2549 94 2614 jonis
107 2550 254 2602 adherendo
266 2550 353 2602 tardiirs
365 2551 503 2614 purgantur,
513 2549 564 2601 ideo
573 2548 665 2614 quidam
678 2550 703 2599 in
712 2552 844 2615 purgatorio

43 2621 124 2672 diutiirs
138 2622 207 2688 qutun
221 2621 260 2672 alii
277 2625 424 2688 torquentur,
439 2619 565 2673 secundun
582 2621 643 2685 oudd
656 2621 752 2678 offertus
765 2635 845 2675 eorum

44 2693 69 2742 ad
78 2693 179 2745 venialia
192 2693 237 2744 fuit
251 2695 323 2759 magis
334 2694 461 2746 immersus.

71 2765 104 2816 ld
118 2763 219 2830 primurn
234 2778 288 2828 ergo
302 2765 437 2829 dicendum,
457 2763 517 2831 quid
536 2763 647 2816 acerbitas
660 2777 733 2829 pons
751 2763 843 2828 proprie

42 2837 162 2901 respondet
175 2837 298 2904 quantitati
312 2837 392 2904 culpe.
407 2836 453 2890 Sed
470 2835 608 2889 diuturnitas
620 2837 743 2904 respondet
757 2835 844 2888 radica-
