1932 3330
126 166 171 218 tol
258 176 463 229 surruruuururs,
477 174 568 223 conss.
584 177 673 228 curru,
689 177 745 216 rur.
760 178 794 216 11.

155 255 289 318 Respondeo
312 253 448 316 dicendum,
471 254 531 318 quod
554 255 671 318 sepulture
693 255 817 306 adinventa
839 257 872 305 est
895 255 914 302 cl

124 331 217 391 propter
235 329 300 378 viros
313 328 336 376 et
352 328 443 390 propter
457 329 566 378 mortuos.
582 328 679 388 Propter
696 325 761 376 uiuos
774 325 876 390 quidem,
890 337 915 374 ue

124 411 201 449 eornm
214 397 273 448 oculi
287 410 316 446 ex
326 395 466 459 turpitudine
477 397 610 449 cadaverum
622 397 782 458 olleudautur,
795 399 820 450 et
830 406 916 460 corpora
953 445 954 460 χ

125 468 242 518 lectoribus
262 467 407 528 inficiantur,
422 471 446 517 et
459 469 502 518 boo
524 469 676 531 quantumst
692 481 787 531 corpus;
803 468 844 519 sed
857 465 917 531 spiri·

123 539 216 589 tualiter
230 538 299 590 etiam
311 539 402 600 prodest
413 538 473 588 uiuis
482 539 523 601 ,iu
534 542 646 602 quantum
659 539 700 604 per
710 541 755 590 hoc
768 539 876 590 astruitur
887 551 918 587 re·
958 563 959 566 =

125 609 271 663 surrectionis
292 609 356 662 tides.
372 611 418 661 Sed
441 611 536 662 mortuis
550 611 644 674 prodest
660 611 689 660 nd
707 611 752 660 boc
766 609 828 674 qubd
846 608 919 673 iuspi-
958 642 959 648 ,

126 680 213 731 cientes
231 681 350 745 sepulcra,
364 682 414 732 uiri
426 683 560 734 memorium
579 681 692 744 reducant
714 681 884 745 defunctorum,
899 684 920 730 et
958 680 959 746 J

125 764 166 816 pro
176 751 287 804 defunctis
300 755 364 804 orem
376 769 382 803 ι
396 756 457 805 uude
472 757 496 804 et
507 757 698 804 monumentum
713 751 726 806 a
741 755 864 806 memoria
880 765 919 802 uo·
958 779 959 784 κ

126 823 380 888 menaccepit3dicitur
393 823 455 876 enirn
470 825 740 888 monumentumque
756 827 840 874 monet
856 838 920 874 men-
958 852 959 888 3

128 897 188 954 tem,
196 898 221 944 ut
233 895 287 945 dicit
295 896 433 960 Augustinus
441 897 466 945 in
476 896 516 947 lib.
525 897 561 948 De
570 912 632 949 curn
641 911 688 961 pro
698 897 808 947 mortun
815 895 919 960 spendo.
958 895 959 928 i

126 967 270 1026 paganorum
287 970 364 1019 tamen
378 981 440 1020 error
459 967 505 1018 luit
521 968 581 1032 qubd
595 969 624 1019 ad
640 970 683 1020 boc
699 969 815 1033 sepultura
836 970 921 1018 mortuo
944 965 959 998 '³

126 1035 214 1100 prosit,
228 1041 253 1086 ut
267 1037 317 1102 ejus
330 1039 404 1089 anima
418 1035 518 1102 quietem
531 1039 628 1104 accipiat
642 1055 650 1092 r
671 1038 788 1090 nonenim
804 1039 922 1107 prodebant
958 1043 959 1072 ³

127 1107 224 1158 animam
239 1109 302 1174 prids'
318 1111 416 1174 quietem
429 1125 497 1176 posse
509 1111 610 1175 accipere
623 1111 692 1175 quam
706 1124 787 1174 corpus
802 1111 921 1175 sepulture
952 1124 959 1160 u

128 1180 235 1232 daretur:
250 1183 311 1245 quod
328 1182 420 1234 omniuo
433 1184 553 1234 ridiculum
569 1185 605 1234 est
618 1187 642 1234 et
653 1183 785 1234 absurdum.
804 1182 850 1234 Sed
865 1183 922 1246 quod
951 1172 959 1254 ‘l

126 1250 222 1308 alteritus
236 1253 351 1320 sepultura
369 1256 455 1311 indoco
468 1259 563 1316 sacretur,
578 1255 791 1319 mortuoprndest,
809 1267 856 1306 nou
871 1253 922 1318 qui·
953 1257 959 1288 >¹

128 1323 179 1374 dem
197 1331 231 1376 est
249 1341 276 1378 ex
296 1327 346 1390 ipso
368 1339 442 1391 opere
459 1329 578 1392 operato,
596 1326 634 1377 sed
650 1325 722 1389 magis
735 1339 764 1375 ex
785 1325 836 1389 ipso
853 1339 923 1390 opere
958 1341 959 1354 ἢ

127 1402 257 1460 operante,
270 1400 322 1450 duur
339 1399 424 1450 scilicet
437 1398 475 1449 uel
494 1399 543 1463 ipse
557 1399 687 1461 defunctus,
702 1399 739 1448 vei
757 1397 828 1464 alius,
845 1411 924 1464 corpus
958 1399 959 1444 l

128 1469 178 1530 cius
200 1469 307 1520 tumulari
327 1469 352 1521 iu
372 1471 421 1522 loco
437 1484 500 1522 sacro
520 1471 659 1536 disponens,
681 1469 808 1534 patrocinio
826 1470 923 1535 alicujus
958 1471 959 1500 ³

128 1541 200 1592 sancti
213 1555 265 1592 eum
281 1541 417 1606 committit,
433 1546 498 1606 cujus
510 1543 614 1606 precibus
631 1555 673 1606 per
685 1543 732 1592 boc
748 1541 876 1594 credendus
892 1546 924 1592 est
958 1543 959 1562 l

128 1610 248 1675 adjuvari3
262 1617 285 1664 et
297 1613 367 1666 etiem
388 1613 513 1680 patrocinio
531 1627 609 1665 eorum
626 1613 665 1678 qui
679 1614 733 1665 loco
751 1618 830 1664 sancto
852 1615 924 1667 deser-

128 1681 203 1744 vlunt,
213 1683 252 1746 qui
261 1697 302 1748 pro
310 1685 426 1736 tumulatis
435 1686 495 1748 apud
503 1698 527 1735 se
537 1683 678 1749 frequentiis
686 1689 708 1734 et
718 1683 840 1748 specialibs
849 1691 923 1738 oraui.

129 1750 174 1802 Sed
189 1753 227 1803 illa
240 1770 291 1819 qum
304 1757 333 1807 ed
347 1759 452 1808 ornatum
467 1757 590 1822 sepulture
604 1755 752 1818 adhibentur,
766 1758 862 1820 prosunt
874 1756 923 1820 qui·

129 1822 180 1872 deur
198 1825 271 1888 vivis,
288 1827 438 1892 inquantum
459 1832 512 1878 suut
532 1827 636 1876 uiuorum
652 1826 748 1890 solatiu3
773 1827 812 1888 sed
831 1831 925 1890 possunt

130 1892 198 1944 etism
220 1895 333 1948 defunctis
346 1900 468 1963 prodesse,
480 1911 526 1948 non
539 1897 630 1960 quiden
644 1911 686 1961 per
701 1910 739 1960 se,
755 1899 796 1948 sed
809 1911 850 1962 per
865 1899 925 1948 acci-

131 1963 200 2027 dens,
212 1966 237 2016 in
253 1971 361 2032 quantum
379 1970 464 2020 scilicet
478 1981 519 2032 per
535 1967 666 2032 hujusmodi
685 1969 811 2020 excitantur
823 1968 926 2021 homines

131 2036 159 2084 ad
175 2037 372 2101 compatiendum,
386 2044 409 2089 et
421 2052 462 2102 per
476 2051 617 2102 consequeus
628 2040 654 2090 ad
672 2039 793 2102 orandum3
807 2041 845 2090 uel
860 2041 926 2092 etiem

130 2103 155 2156 in
167 2111 278 2169 quantum
290 2121 317 2158 ex
334 2108 462 2174 sumptibus
473 2109 595 2174 sepulturae
605 2111 642 2160 uel
655 2123 767 2175 pauperes
779 2109 879 2162 lructnm
892 2125 926 2162 ca·

131 2175 211 2242 piuut,
230 2179 267 2230 uel
279 2178 376 2231 Ecclesia
393 2181 513 2232 decoratur
529 2181 580 2232 :sic
595 2181 655 2232 euim
677 2175 868 2245 sepulcraliter
885 2197 926 2234 cn·

133 2245 193 2302 ieras
202 2251 359 2316 eleemosynas
372 2257 523 2318 computetur.

162 2323 195 2374 nd
208 2323 306 2387 primum
324 2337 378 2388 ergo
394 2324 528 2390 dicendum,
546 2325 604 2390 qudd
619 2326 691 2376 olerum
708 2331 732 2378 et
745 2339 796 2377 cera
810 2329 839 2378 ad
853 2328 927 2392 sepul·

131 2408 193 2444 crum
210 2395 366 2446 delbnctorum
377 2397 530 2462 perlata„per
545 2398 651 2448 accidens
663 2397 769 2448 detunclo
778 2403 885 2462 prosunt,
893 2397 926 2448 uel
956 2423 957 2426 =

131 2465 156 2513 iu
173 2469 281 2530 quantum
292 2467 400 2521 Ecclesia
414 2468 552 2531 olleruntur,
568 2468 618 2518 siue
632 2468 769 2531 pauperibus
783 2469 878 2534 dautur3
893 2467 927 2520 uel

130 2535 155 2586 in
169 2542 279 2598 quantum
290 2538 420 2604 hujusmodi
432 2541 457 2590 in
465 2541 668 2592 lteirevercntinm
676 2541 740 2590 liunt.
752 2539 817 2591 Unde
827 2541 928 2593 etuerbis

131 2609 926 2678 promississubjungiturr‘uOleumenimetceruholocaustumsunto

163 2682 197 2731 ld
210 2685 335 2734 secundum
352 2683 488 2749 dicendum,
502 2684 563 2750 qnbd
583 2684 633 2736 ideo
651 2683 723 2734 suncti
740 2683 820 2734 Patres
840 2687 870 2738 de
884 2683 926 2736 su'a

133 2754 263 2820 corporibus
283 2756 422 2808 tumulandis
440 2760 592 2817 curaverunt,
611 2774 624 2806 u
635 2761 660 2806 ut
675 2755 820 2806 ostenderent
839 2767 927 2823 corpora

133 2829 270 2878 mortuorum
285 2828 312 2878 ad
326 2827 368 2880 oet
375 2827 540 2893 prouidentiam
553 2829 684 2892 pertinere,
700 2839 747 2878 non
760 2825 823 2890 quod
839 2828 928 2881 mortuiis

134 2897 266 2961 corporibus
278 2899 359 2966 uqus
369 2898 525 2966 sensusinsit3
533 2900 573 2952 sed
583 2903 676 2971 propter
684 2899 752 2952 tidem
761 2899 929 2956 resurrectionis
