1968 3294
156 157 204 208 dii
311 153 510 204 mim,
526 151 620 198 oiim.
634 151 698 203 ιω,
711 152 765 194 aar.
782 155 816 192 rr.

184 229 344 292 (Goacwsro.
355 255 387 268 -
395 227 451 278 ciam
470 227 575 278 reddatur
592 226 714 294 operibns,
727 227 752 278 in
764 232 879 292 pannas
888 233 938 281 aba·

151 299 219 351 ritate
231 298 351 351 informata
361 301 427 357 snut,
437 296 555 348 retributio
568 297 662 360 glorio,
676 310 749 360 penes
764 299 872 351 disemos
884 303 940 350 etra-

150 368 224 421 ritatia
243 368 325 436 padus
349 367 375 418 in
400 380 472 431 regno
493 367 579 418 oroiesti
598 367 692 420 diveon
708 368 840 420 mansiones
862 372 937 422 distin-

150 439 281 504 guantur.)

180 510 317 576 despondeo
330 508 462 571 dicendum,
475 508 536 572 quod
558 507 694 574 principiano
708 507 868 562 distinctivum
881 525 941 563 roan-

150 579 239 633 sionnnr
259 581 308 632 sire
323 579 432 644 gustuum
445 579 592 631 beatitudiuis
603 584 639 630 est
658 577 742 642 duplex
759 580 875 632 :scilieet
888 595 940 645 pro-

150 651 269 715 pinquum,
277 654 302 702 et
310 653 430 702 amotum.
439 650 594 714 Propinquoru
607 653 643 700 est
653 648 743 700 dirersa
755 648 882 714 dispositio
894 667 940 716 qno

150 720 194 774 erit
207 722 231 772 in
243 721 332 784 beatis,
342 733 372 772 ex
383 733 430 783 oua
447 720 564 782 continget
583 718 704 770 diuersitas
716 719 869 782 perfectionis
887 724 940 786 apud

149 803 190 844 aos
202 792 227 843 in
247 791 377 858 operatione
394 789 549 843 beadtudinis.
562 791 606 842 Sed
622 789 760 853 principium
779 797 896 844 remotam
909 799 939 844 est

151 863 265 926 meritum,
273 875 318 927 quo
329 863 399 914 talem
407 860 571 912 beadtudiuem
578 860 694 912 mamati
704 863 768 910 aunt.
780 863 862 914 t’riuro
870 868 940 914 auten

151 934 217 986 modo
233 932 401 996 distinguuntur
414 931 544 982 mansiones
563 931 685 982 secuudum
697 931 836 987 charitatem
850 934 938 997 patim

150 1015 201 1067 qno
211 1002 295 1068 muto
306 1002 331 1052 io
347 1001 423 1065 siquo
434 999 478 1052 orit
489 999 620 1064 perfectior,
633 998 698 1050 tautd
713 1013 767 1052 eum
782 1003 866 1054 reddet
878 1017 938 1068 capa

150 1073 235 1124 cioreuu
249 1072 334 1124 divino
347 1070 468 1134 clarinus,
484 1070 606 1122 secuudum
622 1069 689 1134 cujus
708 1077 861 1134 augmentum
880 1087 939 1138 auge
967 1059 968 1104 ¹

150 1143 212 1195 tritnr
229 1144 336 1209 perfectio
357 1142 451 1194 visionis
466 1141 557 1193 diviua.
571 1142 675 1192 Secundo
697 1141 752 1192 sord
771 1144 843 1195 modo
864 1145 939 1196 oiuin
968 1155 969 1209 t

151 1219 251 1278 gemtor
259 1214 388 1266 mansiones
399 1213 523 1264 comodum
536 1211 668 1262 ohauuteor
679 1209 733 1274 viae3
743 1214 883 1266 actuseninr
892 1229 938 1268 uos·
969 1250 970 1286 r

151 1288 186 1336 ter
200 1297 248 1338 non
264 1285 335 1336 nabet
350 1283 411 1347 quid
424 1284 455 1333 sit
473 1282 601 1333 meritorius
620 1294 649 1331 ex
661 1281 714 1344 ipsa
728 1282 860 1336 sumentia
872 1287 938 1348 actis,

150 1356 191 1407 sed
202 1355 274 1408 soiirnr
287 1369 316 1406 ex
328 1355 405 1405 habitu
418 1354 519 1414 uirtutis,
531 1365 576 1416 quo
592 1352 733 1404 informatur.
747 1353 788 1403 Vis
800 1359 882 1406 autera
893 1369 936 1407 ure·
970 1346 971 1382 i

150 1426 213 1478 naudi
226 1425 251 1476 iu
265 1423 370 1477 omnibus
380 1423 499 1475 uirtutibus
510 1428 545 1474 est
553 1437 582 1474 ex
591 1421 716 1483 chodae,
727 1435 778 1484 que
786 1424 861 1476 nrosr
869 1428 938 1491 ipauu
971 1442 972 1470 r

150 1495 218 1548 doena
231 1507 272 1560 pro
283 1495 380 1560 objecto.
395 1495 425 1544 Et
444 1494 496 1546 ideo
509 1493 628 1546 diuersitas
641 1494 666 1544 in
685 1495 793 1544 nrooeodo
807 1499 858 1548 tots
876 1511 939 1550 rere-
972 1536 973 1572 p

150 1567 215 1618 rtitur
226 1569 253 1617 ad
265 1565 416 1618 diversitatem
425 1565 549 1617 charitatis.
563 1565 637 1616 Etsio
645 1565 744 1616 charitas
756 1565 801 1616 rite
815 1566 939 1633 distinguas

150 1638 280 1690 nransiooes
295 1651 335 1702 per
344 1637 436 1688 modam
449 1637 532 1688 meniu.
973 1630 974 1666 i

181 1711 215 1761 td
229 1709 326 1774 primunr
340 1721 394 1773 ergo
405 1707 539 1770 dicendum,
552 1707 612 1772 qood
627 1707 698 1759 virtus
711 1707 744 1758 ibi
755 1719 801 1760 nou
818 1711 894 1762 soiirrn
905 1726 939 1764 ar-

149 1779 230 1844 ripitur
250 1792 292 1844 pro
308 1779 403 1830 nawrati
426 1780 564 1842 capacitate,
579 1779 619 1830 sed
638 1791 679 1843 pro
699 1778 796 1830 odorati
815 1784 938 1846 rapacitate

149 1851 217 1900 nuni
233 1863 283 1900 conr
300 1854 381 1902 conatu
395 1852 422 1902 ad
436 1851 562 1903 habendam
579 1852 683 1914 gratiam.
697 1851 726 1900 iit
742 1857 796 1902 tunc
811 1853 886 1905 uirtus
896 1857 938 1904 troo

149 1922 215 1972 ruodo
229 1925 334 1984 arrepta,
351 1925 394 1972 erit
412 1921 477 1986 quasi
490 1920 613 1972 materiatis
625 1919 745 1985 dispositio
765 1922 794 1973 ad
807 1935 936 1975 mensuram

149 1990 225 2054 pratia
250 1995 274 2042 et
293 1991 370 2056 glorie
388 1992 551 2058 suscpieudna
569 1993 609 2043 sed
631 1991 732 2042 cionitas
752 1995 789 2044 sat
813 1992 937 2046 inunita

148 2062 267 2126 comptens
281 2062 387 2113 meritum
403 2063 431 2114 ad
448 2062 542 2127 gioriarrr
557 2077 564 2114 s
578 2067 604 2112 et
622 2061 673 2114 ideo
687 2061 804 2116 distinctio
816 2066 935 2126 undrisin

147 2131 219 2194 gioria
235 2131 346 2197 recipitur
358 2145 431 2196 penes
450 2133 531 2194 andos
544 2132 675 2196 charitatis,
689 2131 767 2198 petiis
783 2132 852 2198 quin
865 2148 935 2200 parrer

148 2203 229 2266 gradus
245 2202 336 2254 virtutis
349 2201 473 2266 predicto.

178 2275 211 2326 id
224 2274 348 2324 semotum
362 2271 499 2337 dicendum,
513 2273 573 2338 qood
584 2285 652 2340 opera
671 2287 716 2327 non
730 2276 815 2330 trahent
826 2277 888 2342 osto
901 2279 934 2330 eis

147 2341 263 2394 retributio
274 2342 349 2406 gloria
363 2342 478 2405 reddatur,
487 2345 531 2396 nisi
542 2346 566 2396 in
579 2349 688 2410 qnantum
707 2352 762 2398 aaut
777 2348 886 2401 odariute
901 2350 935 2399 in-

147 2413 249 2464 formata.
268 2413 297 2460 nr
310 2411 360 2463 ideo
374 2413 497 2465 secuudum
517 2415 618 2468 diversos
634 2416 751 2468 charitatis
768 2419 852 2482 andus
867 2425 933 2472 auant

146 2483 228 2538 diversi
239 2482 360 2545 graduain
377 2482 457 2545 aloru.

176 2555 210 2606 id
222 2551 314 2607 ornum
326 2553 461 2616 dordan,
471 2552 644 2620 ptionensis
657 2557 753 2610 -irairitns
765 2558 885 2612 cucumis
897 2563 931 2614 rei

145 2626 305 2688 cujuscumque
320 2624 407 2676 virtutis
419 2639 463 2678 non
474 2627 506 2677 sit
522 2627 626 2678 meritnrn
637 2629 676 2680 eui
685 2630 793 2682 detetur
804 2634 930 2696 premium

144 2773 253 2831 estquod
266 2787 313 2821 non
327 2775 378 2823 ideo
391 2784 538 2839 coronantur,
554 2779 608 2836 quia
621 2776 739 2828 tortissimi
748 2789 809 2843 sunt,
824 2785 864 2830 sed
879 2787 929 2843 qnia

144 2837 234 2884 sortiter
246 2839 385 2897 strenueque
399 2841 525 2887 decertant.
