1936 3306
129 187 188 243 eet
274 195 477 246 suneneumeuuu,
494 193 592 264 eumen.
609 195 672 244 ιιι,
690 193 744 236 ιιι.
761 197 789 234 ιι.

127 273 346 339 eonmpiseibilitete
358 277 383 326 et
401 271 576 336 iremib'nlltate)
589 271 715 322 mundio
734 272 820 324 merite
837 274 954 332 allisitm

127 347 156 398 ed
170 345 344 398 delectationem
359 345 408 397 sine
422 343 594 398 dololorem.»
606 343 652 396 Sed
665 342 798 406 imaginatio
812 349 841 396 et
851 360 956 400 oeneu-

127 417 242 483 piseibills
250 422 274 470 et
284 416 403 469 irascibilis
414 419 468 469 sunt
476 415 587 480 potentie
598 413 724 468 sensitlve.
735 415 794 478 drgo
802 419 953 474 seeundum

127 487 249 541 sensitinas
258 489 379 552 potentias
383 488 460 540 anime
468 488 574 552 separatu
587 484 708 549 elicietur,
719 489 744 538 et
756 486 790 536 ite
802 490 953 547 secundino

127 574 167 616 ees
181 561 207 612 in
217 559 300 625 aliquo
307 559 423 610 notuerit.

160 637 184 684 2
198 633 313 686 Praeterea
320 629 491 696 ,Augustinus
506 631 589 695 super
607 629 696 680 Gentes.
710 629 747 680 od
759 630 908 694 litteram,
926 638 955 692 in

127 703 167 754 lib.
184 704 237 754 llll.
251 703 317 768 (eep
329 701 382 768 tt),
398 701 452 754 dient
461 701 642 767 quodomnpus
652 713 698 752 oon
707 702 795 764 sentit
805 703 850 756 sed
859 718 952 762 anima

127 789 169 840 pen
180 787 278 839 eorpus3
293 790 307 822 n
323 777 348 824 et
358 773 388 824 ite
398 773 502 838 quedem
513 773 590 823 anime
602 785 649 824 non
664 785 811 838 percorpus
829 777 875 828 sed
890 779 949 832 sine

128 859 224 928 conpore
238 845 316 900 sentit
331 845 376 896 Sed
385 846 408 896 id
418 845 480 908 quod
493 845 575 898 mimae
589 845 640 896 sine
650 857 743 909 temone
754 846 886 910 eeunenit,
899 864 949 933 po-

127 922 175 970 test
194 918 271 973 inesse
283 917 368 970 anime
381 918 499 982 tempore
512 919 630 981 tepente.
643 917 711 980 urge
720 919 775 968 tune
790 922 849 970 eelu
859 922 952 976 anime

129 989 319 1054 sentirepotenit.

161 1067 184 1113 3.
208 1065 339 1126 Pretenee,
359 1060 472 1144 inspicere
492 1059 655 1112 similitudines
676 1019 814 1125 corporum,
828 1061 927 1115 ment
921 1081 949 1118 nn

129 1147 209 1186 somno
220 1134 315 1196 aedidit,
326 1133 385 1186 ed'
363 1133 476 1186 visionem
488 1132 659 1196 inleginetivam
672 1131 780 1196 pertinet,
793 1147 847 1195 qum
858 1137 925 1188 est'
918 1152 946 1189 ιιι

127 1210 191 1271 pente
208 1206 328 1258 sensitiva.
345 1207 390 1258 Sed
403 1204 533 1269 hujusmodi
546 1203 707 1260 similitudines
724 1216 846 1268 corporum
856 1205 944 1274 inspi.

128 1291 181 1330 eene
194 1278 256 1328 siout
268 1277 293 1328 in
306 1277 393 1332 somnis
406 1276 502 1339 eooldi-l,
512 1275 624 1340 contingit
638 1276 720 1328 anime
731 1277 859 1340 separeteo3
874 1283 945 1333 unde

127 1350 282 1412 Augustinus,
299 1350 354 1400 ΧΠ.
367 1349 545 1414 SuperGenes.
560 1347 596 1398 ud
612 1348 729 1398 litteram
742 1347 811 1414 (etp.
832 1351 864 1398 82
875 1351 948 1413 ),sic

128 1421 203 1474 dieii:
223 1423 330 1486 «Neque
347 1421 407 1472 enim
425 1420 501 1474 video,
510 1433 551 1472 eur
562 1420 646 1474 heled
667 1417 744 1470 emme
758 1417 945 1476 similitudinem

127 1491 294 1556 conperisset,
311 1491 366 1542 edm
379 1491 476 1556 Jaeente
488 1491 537 1544 sine
551 1503 622 1542 sensu
638 1491 689 1556 ipeo
703 1501 813 1554 conpone,
829 1495 944 1547 nundum

126 1567 203 1619 temen
214 1565 306 1628 penitus
317 1567 423 1628 mortno,
436 1564 498 1624 videt
508 1562 658 1626 teliepuelie
670 1563 736 1614 multi
746 1575 776 1612 ex
785 1559 824 1611 illi
835 1564 946 1624 sunone-

128 1635 189 1687 tione
202 1635 262 1688 ulvis
276 1635 361 1688 redditi
373 1639 537 1698 mandaverunt,
555 1638 578 1686 et
592 1647 641 1692 noo
651 1633 749 1696 hebeat,
763 1631 814 1684 edm
829 1637 942 1697 perfeeto

128 1711 201 1758 monte
214 1707 306 1771 penitus
320 1707 348 1758 de
365 1719 461 1771 corpore
472 1705 563 1758 exierit.
577 1721 591 1754 n
603 1705 655 1756 lion
666 1703 729 1756 enim
741 1707 819 1769 potest
837 1706 886 1768 heo
903 1708 943 1760 in-

128 1777 200 1842 telligi
215 1779 277 1842 quod
290 1778 365 1828 anima
378 1775 551 1832 similitudinem
565 1776 665 1842 eorporis
675 1776 774 1836 hebeat,
785 1775 833 1828 nisi
845 1789 944 1832 seeun-

129 1847 182 1900 ditm
190 1850 251 1914 quod
258 1863 309 1905 eene
318 1849 421 1915 inspieit;
430 1849 490 1901 unde
499 1849 611 1914 premisit
618 1849 646 1900 de
653 1847 784 1912 iacentibus
791 1847 842 1898 sine
849 1863 939 1914 sensu,

129 1921 190 1984 qudd
205 1938 219 1970 o
229 1924 309 1984 gerunt
320 1923 441 1986 quemdem
452 1920 623 1974 similitudinem
635 1920 736 1984 eorporis
750 1918 799 1982 sui,
809 1933 853 1983 pen
863 1936 940 1985 qoem

130 1998 229 2056 possunt
241 1993 271 2045 ed
282 1993 471 2058 looeeonponelie
485 1993 553 2055 lenti,
564 1995 587 2044 et
597 1991 652 2044 telis
666 1991 741 2056 qualia
754 1990 833 2045 uident
851 1992 938 2046 simili-

132 2063 249 2116 tudinibus
260 2077 367 2116 sensnum
376 2065 485 2130 experiri.
496 2080 510 2112 ιι
520 2065 579 2130 Ergo
588 2064 663 2118 anime
672 2066 773 2128 seperate
780 2067 858 2128 potest
869 2067 938 2121 exire

130 2137 155 2188 iu
169 2141 243 2188 eetnm
259 2135 410 2200 potentianum
422 2137 593 2188 sensitinenum.

164 2211 186 2260 l.
202 2210 322 2273 Pnaeteree,
335 2208 443 2260 memorie
454 2213 489 2261 est
499 2207 603 2274 potentie
614 2207 729 2260 sensitivne
742 2209 829 2274 pertis,
841 2213 870 2260 ut
880 2225 939 2276 pro·

130 2282 197 2332 butun
213 2281 238 2332 in
251 2281 308 2334 libro
327 2282 363 2332 De
378 2282 503 2332 memorio
516 2284 541 2331 et
556 2281 746 2332 reminiscentia
758 2281 821 2345 (eep.
835 2283 872 2344 2).
889 2286 939 2336 sed

130 2351 211 2404 anime
226 2356 336 2418 seperate
345 2356 399 2404 ectu
413 2353 599 2406 memorabuntur
607 2365 686 2403 eornm
697 2365 747 2417 qnae
757 2351 782 2400 in
793 2353 839 2403 lnoe
848 2355 938 2406 mundo

130 2428 264 2488 possemne
276 2425 336 2476 unde
348 2427 371 2475 et
386 2423 451 2476 diuiti
464 2422 558 2488 epuloni
566 2422 648 2476 dicitur
659 2424 730 2482 due,
741 2423 807 2474 llll:
821 2425 940 2478 olteeon-

130 2495 184 2550 dere
197 2495 372 2564 quieneeepistl
388 2496 449 2551 hone
466 2496 491 2547 in
505 2496 553 2547 nite
569 2498 616 2546 tna.
632 2512 644 2544 n
659 2495 718 2560 Ergo
734 2494 811 2548 anime
827 2501 937 2561 seperate

131 2565 202 2617 exibit
213 2566 236 2617 ln
247 2570 322 2618 aetum
339 2567 448 2632 potentie
459 2565 585 2620 sensuve.

163 2641 187 2687 t.
214 2639 339 2700 Praeterea,
358 2639 483 2690 seeundum
503 2637 666 2704 Philosophum
685 2639 709 2688 in
728 2638 769 2688 lll.
786 2637 824 2687 lle
846 2641 936 2690 onimu

132 2709 210 2771 (eut.
220 2709 264 2772 n),
273 2708 393 2764 irascibilis
403 2713 430 2760 et
441 2707 624 2773 eoncupiseibil'u
637 2712 692 2762 sunt
701 2709 725 2759 iu
735 2712 800 2773 pente
810 2710 932 2763 sensitiva.

132 2779 177 2831 Sed
191 2778 214 2830 in
223 2779 332 2832 ireeeibili
341 2787 364 2832 et
370 2779 543 2844 concupiscibili
551 2784 604 2833 sunt
612 2780 718 2844 gaudium
726 2785 750 2833 el
758 2779 860 2845 tristitie,
868 2794 933 2836 amor

131 2850 257 2914 etodium,
272 2855 295 2902 et
313 2852 394 2914 umor,
408 2856 431 2904 et
443 2865 510 2916 spes,
524 2855 548 2902 et
565 2851 697 2917 eujusmodi
713 2849 846 2908 affectiones
858 2889 866 2914 ,
877 2866 935 2916 ques

133 2921 258 2982 seeundum
271 2921 338 2976 tidem
349 2926 450 2976 desuem
461 2921 568 2989 ponimus
578 2923 603 2976 in
612 2922 863 2988 mimalnssepmatls.
871 2925 933 2998 lingo
