1924 3322
213 152 255 188 'nli
270 150 328 188 teria
343 151 441 188 bairum
457 149 689 190 conautanhbmnts.
814 141 859 192 ΗΠ

81 231 106 279 i.
124 229 248 291 Preterea,
262 228 370 290 quamdiu
384 227 510 278 statuariae
522 229 605 292 durat,
620 227 733 278 elementa
749 228 858 297 similiter

48 303 123 362 agunt
135 298 161 350 in
169 300 240 349 burras
249 302 272 350 et
284 299 309 348 in
323 300 402 350 malea.
414 298 458 349 Sed
470 300 543 350 adhuc
551 299 642 349 durabit
653 303 727 349 status
736 299 806 363 hujus
817 301 860 352 ria

48 370 71 420 in
83 369 126 419 iiia
137 371 323 434 conflagratione,
333 372 386 434 quia
396 374 449 434 post
458 373 540 420 statum
551 371 620 434 hujus
630 370 674 422 uiae
689 383 735 422 non
743 371 786 420 erit
796 385 858 424 mora

47 441 181 501 naturalis,
202 455 252 504 qua
272 446 347 492 tamen
363 455 404 505 per
423 441 484 491 iiiam
501 441 701 505 conflagrationem
718 442 859 495 causabitur.

47 513 111 574 Ergo
127 513 168 562 iiie
180 512 240 576 ignia
253 514 368 576 aqualiter
381 516 434 578 aget
446 514 470 564 in
479 513 553 564 bonos
567 518 589 563 et
599 515 624 563 in
636 514 722 577 malos3
735 518 758 564 et
768 514 802 564 ita
812 528 860 568 nnn

47 584 147 634 videtur
156 583 217 647 qubd
225 585 254 634 sit
265 585 339 650 aliqua
348 585 455 636 diseretio
465 585 526 635 inter
535 599 582 646 eoa,
592 589 702 649 qnantum
714 586 742 636 ad
751 586 859 638 effectum

45 655 111 706 iliius
126 654 190 718 ignis
201 657 370 720 srrseipienriurn
380 696 386 720 ,
398 659 459 708 sient
472 659 496 707 in
506 658 582 708 littera
593 659 686 722 ponitur
704 659 752 722 (IV,
766 659 858 724 Senti.

81 733 106 778 5.
126 731 257 791 Praeterea,
270 729 307 779 iila
319 730 464 792 conflagratio
479 730 544 793 quasi
555 730 579 780 in
591 734 705 780 momento
718 729 859 793 perficietur.

46 800 92 850 Sed
108 799 180 849 multi
194 800 340 852 invenientur
348 803 412 863 uiri,
427 802 451 852 in
468 801 552 865 quibus
565 804 633 851 enrni
642 801 713 852 muita
721 801 860 866 purgabilia.

46 871 109 933 Ergo
120 867 162 920 iila
172 872 320 934 conflagratio
335 885 381 924 non
396 873 495 924 suitieiet
509 874 537 923 ad
549 885 629 922 eorum
642 872 809 936 purgationem.

83 943 249 1005 (Conernsro.
259 970 289 981 -
303 945 365 1008 Ignis
386 944 518 996 naturaiiter
535 947 587 1007 aget
601 947 654 994 ante
667 943 782 1008 judicium
797 948 820 996 et
835 943 860 996 in

47 1015 125 1066 bonos
138 1017 163 1066 et
179 1014 205 1064 in
217 1015 305 1078 maios,
318 1016 416 1079 quirini
429 1015 580 1080 reperientur,
591 1029 630 1066 eos
640 1015 664 1064 in
674 1015 776 1068 cinerem
790 1017 861 1069 resol-

45 1090 145 1151 uend03
162 1089 202 1138 seu
221 1089 275 1138 maii
289 1089 351 1138 iiiios
366 1087 427 1152 ignis
444 1088 534 1139 actione
554 1087 724 1149 cruciabuntur,
736 1088 794 1140 boni
806 1089 861 1142 verb

46 1159 126 1210 omnis
136 1159 223 1210 doloris
237 1163 304 1210 muni
314 1161 439 1224 expertes.)

78 1231 225 1295 Respondes
235 1231 352 1282 diuortium
362 1248 370 1292 ¹,
381 1231 440 1296 qubri
454 1231 514 1296 ignis
523 1231 561 1282 iiie
576 1231 651 1282 hnaiis
665 1231 859 1295 conflagrationis,

46 1307 162 1365 quantum
175 1302 204 1352 ad
214 1305 258 1354 hoe
266 1303 445 1368 qubdjudieium
456 1304 578 1367 pracedat,
587 1307 638 1366 aget
648 1305 672 1352 ut
681 1302 862 1354 instrumentum

46 1374 138 1424 divinae
153 1374 259 1438 justitiae,
269 1379 292 1426 et
302 1375 385 1426 iterum
396 1388 437 1439 per
446 1376 554 1426 uirtutem
565 1375 692 1425 naturalem
701 1374 770 1437 ignis.
786 1376 863 1434 Quan-

14 1509 15 1512 ,
46 1448 97 1495 tum
106 1459 165 1508 ergo
174 1445 275 1510 pertinet
284 1448 312 1497 nd
326 1447 436 1496 uirtutem
451 1447 578 1496 naturalem
589 1445 673 1509 ipsius,
689 1444 797 1496 similiter
807 1451 860 1510 aget

46 1516 72 1566 in
88 1519 166 1568 maios
181 1522 205 1568 et
218 1519 290 1570 bonos
304 1518 344 1582 qui
363 1517 411 1571 uiri
426 1518 582 1582 reperientur,
596 1519 744 1580 utrorumque
766 1529 862 1581 corpora

47 1590 72 1638 in
85 1590 192 1640 cinerem
203 1590 345 1640 resolvendo.
357 1592 382 1640 in
394 1594 502 1654 quartum
515 1589 571 1640 verb
587 1591 638 1650 aget
649 1592 674 1638 nt
682 1589 862 1640 instrumentum

47 1663 137 1714 divinae
158 1663 273 1726 justitiae,
286 1661 438 1715 diversimode
452 1666 505 1725 aget
524 1661 548 1712 in
567 1660 687 1724 diversos,
702 1664 815 1723 quantum
832 1663 862 1712 ad

48 1733 313 1797 sensumsensurn
332 1734 394 1784 enirn
415 1746 456 1796 per
474 1731 587 1783 actionem
608 1732 667 1795 ignis
682 1732 857 1783 cruciabuntur.

49 1807 109 1856 Boni
127 1805 198 1869 verb,
214 1806 241 1854 in
259 1806 341 1869 quibus
364 1805 421 1855 nihii
442 1804 584 1868 purgandum
601 1800 745 1867 inuenietur,
762 1805 862 1856 omnino

48 1879 140 1946 nulium
156 1877 257 1928 dolorem
267 1876 357 1941 exigue
369 1876 486 1937 sentient,
499 1875 610 1928 sicutneo
622 1875 689 1939 pueri
698 1881 822 1928 senserunt
838 1876 863 1928 in

49 1948 227 2013 omnisomnis,
243 1948 619 2012 Duniet.111,qnamuisaorum
636 1961 730 2011 corpora
746 1961 793 2000 non
810 1961 860 2000 ser·

49 2021 168 2071 rabuntur
179 2022 267 2084 integra
276 2020 336 2070 sieut
347 2033 468 2083 puerorum
479 2023 569 2070 serrata
578 2020 669 2070 inerunt
679 2037 686 2082 ;
698 2023 721 2070 et
731 2021 775 2070 hoe
783 2019 861 2070 divina

51 2094 137 2144 virtuto
151 2092 201 2142 tieri
214 2091 313 2156 poterit,
325 2096 351 2142 ut
365 2092 415 2142 sine
425 2091 509 2143 doloris
518 2091 620 2142 cruciatu
635 2091 799 2142 resolutionem
813 2103 862 2141 ror·

50 2177 134 2226 porum
149 2163 272 2228 patiantur.
287 2163 345 2214 Boni
360 2162 415 2214 uerb
429 2162 452 2212 in
469 2163 553 2228 quibus
566 2161 654 2224 aliquid
666 2162 811 2225 purgandum
825 2175 863 2213 re·

51 2235 163 2298 parietur,
177 2236 279 2284 sentient
292 2235 416 2285 eructatum
427 2235 512 2285 doioris
525 2248 555 2285 ex
571 2234 610 2284 iiio
624 2233 677 2296 igne
690 2233 744 2297 pius
757 2233 796 2282 uei
815 2232 860 2283 nri·

52 2307 111 2370 nus,
126 2321 169 2370 pro
181 2306 311 2358 meritorum
322 2306 463 2358 diuersitate.
479 2307 525 2356 Sed
539 2309 651 2369 quantum
662 2304 691 2354 ad
705 2307 784 2354 aetum
793 2317 863 2368 quern

51 2383 105 2440 post
122 2378 234 2444 judicium
247 2377 285 2429 iile
303 2377 363 2440 ignis
381 2378 490 2439 habehit,
504 2376 529 2426 in
548 2378 668 2426 darnnates
684 2374 775 2426 tantbm
798 2379 860 2440 aget,

52 2451 104 2510 quia
120 2463 200 2500 omnes
211 2450 265 2499 boui
282 2450 398 2500 habebunt
411 2462 505 2513 corpora
516 2447 675 2511 impassibilia.

83 2523 117 2572 hd
135 2521 234 2586 primurn
254 2533 308 2582 ergo
320 2520 458 2581 dicendum,
468 2519 527 2584 qubd
543 2518 688 2582 consumptio
702 2517 735 2570 ibi
749 2518 861 2583 accipitur

54 2606 98 2644 non
119 2607 162 2657 pro
179 2591 360 2654 annihilatione,
375 2590 414 2641 sed
431 2604 474 2654 pro
487 2589 625 2640 resolutione
641 2589 667 2640 in
683 2589 780 2641 eineres.

84 2667 117 2716 tn
128 2664 253 2715 seeundum
265 2663 398 2723 uiuendum,
413 2663 475 2726 qubd
488 2663 599 2712 bonorum
615 2675 711 2726 corpora
725 2663 865 2726 quamuisin

55 2736 154 2788 cinerem
170 2735 312 2786 resolventur
331 2735 478 2814 perignem,
496 2745 542 2784 non
560 2735 638 2784 tamen
656 2747 685 2784 en
705 2736 748 2784 hoe
762 2733 863 2786 dolorem

56 2808 170 2868 sentient,
184 2807 244 2856 sient
263 2817 305 2854 nee
327 2806 391 2867 pueri
412 2805 437 2854 in
456 2806 548 2854 fornace
564 2803 709 2868 Babylonica
725 2807 860 2857 existentes
940 2827 949 2860 r

58 2877 171 2938 Quantum
180 2877 263 2976 adhue
277 2880 313 2928 esi
321 2875 430 2928 dbumiie
444 2878 472 2928 de
485 2873 551 2928 bonis
563 2877 588 2926 et
600 2875 677 2928 maiis.
919 2861 949 2952 f
