1948 3312
144 257 332 322 novationem,in
340 261 474 323 perpetuum
482 256 534 318 erit,
545 256 719 320 generationem
728 257 873 321 corruptione
883 271 938 310 ces·

144 333 217 382 sante
232 331 291 394 nugo
308 331 391 395 plante
408 331 432 380 et
444 327 549 380 animalia
569 327 660 390 penitus
671 329 724 390 post
740 327 820 378 mnndi
835 328 937 380 inance·

143 400 229 452 tiooem
242 414 288 453 nou
299 405 372 452 eruut.

174 473 299 535 Praetereo,
314 463 612 532 nemorumnemorum
632 468 699 520 lull.
720 470 757 520 De
769 472 894 534 penerel..
910 470 937 520 in

143 543 307 595 uuinralibuset
318 541 400 605 plantis
409 545 433 593 ct
442 540 574 605 hujusmodi
583 539 771 604 corruptibilibus,
783 541 872 604 speciei
882 554 937 605 per-

143 615 241 677 petuitas
253 625 299 663 noo
306 615 453 664 conservatur
464 612 508 663 nisi
519 625 548 662 ex
563 611 729 663 continuatione
739 611 816 662 mutus
825 611 934 663 uoluens.

142 683 185 736 Sal
203 687 258 734 truc
275 683 313 733 ulle
333 683 440 735 cessabit.
453 683 514 746 lingo
533 693 578 734 non
594 680 678 746 poterit
693 682 835 746 perpetuitas
849 682 875 734 in
888 681 937 733 illis

142 753 262 818 speciebus
273 755 409 806 conseruari.

173 823 293 886 Praeterea,
305 827 406 875 msscote
418 823 464 876 flue
479 834 570 875 cassam
580 822 646 874 labet
656 821 680 872 iu
693 821 754 884 ouoal
767 826 804 873 est
812 821 842 873 acl
856 821 932 874 finem.

141 891 186 944 secl
198 892 304 944 animatio
314 897 339 944 et
353 893 435 958 plante
445 894 505 944 turta
520 896 574 944 aunt
583 893 612 943 erl
623 891 741 943 animalem
755 892 935 944 ritambunrinis

141 963 321 1025 tastamentum
331 965 391 1016 nole
399 963 479 1016 licitur
493 962 823 1022 neaec.‚1x2.aouasiutem
835 962 934 1013 ruentia

141 1032 194 1084 leoli
206 1033 271 1085 uobis
283 1046 373 1086 omnem
385 1046 485 1087 munem.
499 1051 513 1083 u
527 1035 586 1098 liupo
599 1036 702 1086 cessante
715 1031 763 1083 naa
775 1031 879 1084 bominis
888 1034 934 1084 ani·

143 1103 511 1167 mali,lebentcessareanima1iu
524 1109 549 1156 et
557 1105 649 1168 planto.
661 1103 707 1154 Sel
720 1107 773 1168 post
787 1102 852 1155 illurn
867 1103 932 1155 inno-

142 1175 269 1240 vationem,
281 1177 442 1230 animatisrita
454 1179 583 1230 innomine
598 1189 644 1228 non
653 1175 704 1226 erit.
717 1176 778 1238 Ergo
792 1177 931 1242 nccplanln

142 1256 185 1297 nec
204 1247 307 1299 animalia
325 1259 440 1300 remanere
454 1248 544 1300 debent.

175 1317 370 1377 (cormesio-
378 1318 433 1370 Gbm
447 1318 505 1370 nillil
518 1317 564 1370 nisi
576 1316 636 1382 quau
649 1317 676 1368 aul
689 1317 884 1380 incorruptionem
896 1329 932 1369 or·

142 1384 215 1438 linari
228 1388 300 1452 possit
309 1425 316 1452 ,
325 1389 352 1440 nal
367 1389 429 1440 illam
440 1388 518 1440 muudi
527 1388 694 1440 innorationeuu
705 1387 837 1452 pertineat,
850 1390 931 1454 planta

142 1458 297 1522 clarimontis,
306 1471 356 1522 auo
370 1458 399 1510 ab
411 1458 602 1523 incorruptionem
609 1456 706 1510 ordinum
715 1469 762 1509 non
770 1464 931 1524 possuntnon

142 1529 288 1579 remanebunt
300 1527 324 1578 io
336 1529 375 1578 illa
387 1528 464 1580 mundi
476 1528 652 1591 innovatione.)

173 1599 306 1662 Respondet
316 1599 449 1664 licentum,
470 1599 530 1664 quoi
545 1598 597 1649 cim
615 1598 735 1650 innovatio
745 1598 824 1651 monui
840 1604 931 1666 propte

142 1669 322 1732 nominemini,
338 1674 426 1736 oportet
439 1669 498 1735 qaid
508 1667 650 1722 innovationi
658 1669 759 1722 numnis
766 1669 928 1724 moment.

143 1739 214 1790 llouno
231 1745 305 1792 autem
318 1740 439 1793 innuamus
451 1741 480 1794 de
492 1744 552 1792 elota
568 1739 721 1804 corruptionis
732 1739 757 1790 in
777 1739 930 1808 mcorrnpric-

143 1821 195 1860 neu
211 1810 326 1872 transibit,
336 1816 360 1861 et
372 1815 456 1862 statum
468 1813 583 1874 perpetuo
595 1810 691 1874 quietis3
702 1809 763 1862 uncle
771 1809 886 1864 dicitnri.
896 1811 930 1864 cal

143 1879 212 1936 Gor..
224 1879 263 1930 xv
276 1895 282 1929 ι
293 1881 407 1944 «oportet
418 1880 561 1944 corruptibile
571 1883 614 1932 boc
626 1880 930 1945 mnncroincomuptionum,

142 1954 166 2000 et
177 1948 269 2001 mortale
282 1951 326 2001 hoc
339 1951 432 2002 minere
442 1950 640 2002 immortalitatem.
651 1965 665 1998 u
678 1951 706 2002 lit
714 1949 767 2002 ileu
777 1953 878 2004 mundas
888 1953 931 2003 lroc

141 2019 207 2070 mado
219 2019 371 2083 iunoaabitur,
384 2024 411 2070 ut
425 2019 512 2084 abjecit
524 2021 586 2071 omni
603 2019 745 2085 corruptione
755 2023 868 2086 perpetuo
880 2035 929 2074 ma-

141 2093 195 2142 neet
208 2091 327 2156 inquiete.
342 2091 405 2143 Uolo
416 2092 443 2142 nd
455 2091 519 2143 illum.
529 2089 698 2142 innovationem
710 2089 769 2142 nibil
778 2091 879 2143 ordinari
889 2105 930 2158 po·

140 2160 208 2224 terit,
220 2161 264 2212 nisi
278 2161 339 2226 quod
351 2161 419 2212 iubet
429 2161 530 2214 ordinem
543 2161 573 2211 ao
587 2159 783 2224 incorruptionem.
794 2161 930 2226 Huiusmodi
965 2169 966 2196 ³

141 2233 217 2280 autom
230 2236 284 2282 sunt
299 2242 391 2295 corpora
407 2229 521 2293 colestia,
535 2230 647 2282 elementa
660 2234 685 2280 ct
696 2231 809 2282 beminen.
831 2233 930 2298 corpora

140 2302 203 2353 enlm
220 2303 318 2354 coelemia
337 2302 463 2354 securium
478 2302 515 2354 sut
525 2305 627 2353 naturam
640 2301 817 2368 incorruptibilia
828 2311 891 2368 sunt,
905 2311 929 2358 el

140 2371 262 2422 secundino
276 2376 348 2423 totum
362 2376 385 2423 et
392 2371 516 2424 secundior
524 2376 610 2436 partae.
619 2371 737 2422 Elementa
749 2371 804 2424 verb
812 2381 868 2426 snut
875 2377 928 2440 pni-

140 2443 191 2493 rlem
202 2440 353 2504 corruptibilia
367 2441 490 2494 secundnm
508 2445 594 2506 partes,
604 2441 644 2493 sel
657 2441 836 2507 incorruptibilia
848 2459 927 2498 eccun—

140 2512 193 2563 uum
205 2513 285 2561 totunr.
301 2510 408 2564 Homines
425 2512 481 2564 aerb
492 2515 665 2576 corrumpuntur
677 2515 700 2562 et
717 2513 843 2566 secundnm
855 2521 927 2570 totum

140 2587 164 2634 ct
180 2581 302 2632 secuudbm
315 2586 405 2646 partes3
421 2583 460 2635 scd
475 2583 519 2634 buu
536 2586 571 2634 est
587 2595 617 2634 er
631 2585 694 2646 purte
711 2585 826 2648 materie,
841 2599 887 2638 non
898 2600 926 2640 cx

140 2654 203 2714 parte
216 2651 301 2714 torma,
313 2651 399 2702 scilicet
412 2651 491 2702 animae
501 2651 625 2716 renunciis,
639 2665 689 2715 que
700 2657 752 2715 post
760 2655 925 2720 corruptionem
965 2703 966 2710 ,

140 2719 237 2771 hominis
251 2727 353 2772 remanet
363 2721 499 2786 incorrupta.
514 2721 626 2772 animalia
645 2720 697 2773 verb
707 2723 781 2784 muln,
794 2728 819 2775 et
833 2727 924 2790 plenta,

141 2794 163 2840 et
175 2788 298 2851 mineralia,
312 2794 335 2840 et
348 2793 423 2842 omnia
434 2801 528 2856 corpore
541 2790 610 2842 mixta
624 2797 797 2857 corrumpuntur
807 2799 832 2846 et
846 2809 924 2850 munn-

141 2857 194 2909 lira
212 2860 284 2914 totum
297 2865 320 2912 et
335 2860 606 2927 corrroboratione
624 2876 653 2915 ex
665 2868 730 2928 parte
748 2865 862 2930 nemrim,
875 2879 923 2932 oua
965 2911 966 2940 p

146 178 192 228 ott
294 181 493 232 emimentem,
509 181 600 228 ouosr.
617 179 670 226 rur,
683 181 739 221 unu.
755 181 782 220 v.
