1958 3314
129 99 174 146 304
275 109 463 150 SUPPLEHEN'PUH
468 131 477 162 5
494 108 587 156 QUAEST.
606 107 668 160 Lxx,
685 107 741 148 illl.
759 107 776 146 1.

156 191 179 236 6.
194 186 324 247 Pratum,
337 187 357 236 si
368 187 453 250 anima,
466 183 518 236 ohm
530 183 670 249 separaturi
680 196 772 249 corpore
783 223 790 247 ,
801 187 933 250 polentiam

79 291 80 294 =
122 257 257 310 sensitivam
267 257 467 322 amittil,oportet
477 256 539 320 qnhvl
549 257 589 308 illa
598 255 701 320 potentia
710 256 735 306 in
745 256 845 308 nihilum
855 259 930 325 cedat3

123 329 245 380 nonenim
259 332 336 395 potest
355 328 400 379 hiri
421 327 483 393 quhd
495 329 521 378 in
538 328 656 382 materiam
669 328 768 391 aliquam
786 329 913 382 resolvatur
921 367 933 394 ‚

122 400 175 450 chm
188 414 234 451 non
249 401 331 450 hebeat
345 399 463 450 materiam
483 404 571 466 partam
592 400 637 450 sui.
657 399 702 450 Sed
714 399 738 451 id
751 401 814 464 quod
834 401 936 452 omnino

122 473 148 522 in
157 472 253 522 nihilum
264 471 339 533 aedit,
350 484 397 523 non
406 472 524 522 reiteratur
538 471 599 522 idem
608 482 712 522 numero.
723 471 783 534 nrgo
795 471 874 522 anima
884 485 934 524 non

122 542 218 594 habebit
239 542 264 592 in
278 542 444 594 resurreetione
461 543 565 606 eamdam
575 554 680 593 numero
694 541 822 606 potentiam
837 544 935 596 sensili-

125 609 185 665 vam.
201 615 246 665 Sed
266 613 391 684 secundina
406 615 572 677 Philosophum
585 615 798 678 (limentana.
812 618 872 664 text.
889 615 933 680 9),

125 686 212 737 vsiout
230 699 255 738 se
272 685 343 737 habet
362 687 438 737 anima
455 687 483 736 ad
499 699 582 752 eorpus
592 724 600 750 ‚
619 685 652 737 ita
674 699 700 738 se
715 685 801 736 habent
822 689 936 749 potentiae

124 758 209 812 anima
235 758 263 809 avl
281 761 358 822 partes
368 757 494 824 eorporis,
508 761 535 808 ut
551 757 613 808 visus
627 759 655 808 all
669 757 768 809 oerrlum.
782 772 796 804 n
812 757 839 808 Si
854 763 935 811 autem

126 841 173 880 non
185 831 246 880 esset
264 828 342 880 eadem
357 841 453 892 nurnero
467 829 543 878 anima
561 842 612 896 qua
628 829 710 880 redibit
724 829 753 882 ad
772 841 873 894 eorpus,
885 845 934 884 non

125 904 187 952 esset
198 900 257 953 idem
269 913 363 952 nurnero
376 901 455 951 bomo.
470 901 530 962 Ergo
540 901 621 952 eadem
635 900 723 952 ratione
736 913 783 951 non
796 905 858 952 esset
871 901 934 952 idern

90 1005 92 1009 ,
126 971 205 1024 oculus
216 984 326 1034 numero,
345 971 366 1022 si
379 985 424 1024 non
436 971 468 1024 sit
483 971 562 1022 eadem
576 984 672 1023 numero
685 972 786 1038 potentia
800 971 892 1034 visira3
907 977 933 1026 et

125 1042 195 1094 simili
216 1043 305 1095 ratione
319 1055 362 1094 nee
374 1043 449 1108 ahqna
462 1043 507 1094 alia
518 1057 571 1108 pars
588 1043 668 1094 endem
679 1055 773 1094 numero
788 1055 932 1108 resurgeret,

125 1119 150 1167 at
163 1129 204 1180 per
214 1129 357 1178 consequens
365 1129 409 1168 nea
418 1119 480 1168 totus
493 1117 561 1166 homo
572 1115 632 1168 idem
643 1128 737 1166 numero
747 1116 799 1167 erit
810 1117 863 1169 non
874 1131 930 1182 ergo

125 1189 263 1252 potestesse
277 1185 340 1251 qnbd
354 1186 430 1238 anima
446 1191 550 1268 separata
566 1185 680 1252 potentias
694 1187 783 1238 amittat
796 1187 931 1242 sensitivas.

157 1261 180 1308 7.
192 1259 319 1320 Praterea,
334 1258 354 1308 si
365 1259 474 1322 potentiae
486 1257 605 1310 sensitiva
612 1261 809 1322 corrumperentur
820 1265 931 1328 corrupto

125 1343 232 1395 corpore,
248 1334 365 1409 oporteret
375 1329 437 1394 qubd
449 1329 565 1382 debilitato
577 1343 670 1394 corpore
681 1323 861 1384 debilitarentur
881 1333 932 1383 iloo

124 1400 385 1465 autemnonoontiugil,
394 1401 457 1465 quia,
469 1399 639 1453 uldioitnrinl.
649 1401 858 1466 Deoaimeitext.
871 1403 929 1469 65).

125 1474 173 1525 «Si
191 1487 262 1526 senex
275 1474 373 1538 accipiat
382 1474 489 1525 oculum
482 1473 588 1538 luvenis,
602 1472 777 1538 videbitulique
786 1474 848 1524 sieut
860 1476 933 1542 etiu-

122 1547 198 1598 venis.
217 1563 231 1595 rr
245 1547 305 1613 lingo
322 1559 364 1598 nee
385 1550 490 1612 comnpto
508 1559 602 1612 corporo
620 1546 736 1602 sensitiva
750 1546 860 1612 potentia
879 1563 932 1602 eor-

116 1617 269 1683 ¹rumpuntur.

154 1692 200 1742 secl
212 1697 292 1742 eontra
306 1689 429 1754 masqueh
439 1690 580 1754 nugusnms
599 1690 623 1744 in
634 1689 692 1740 libro
702 1691 740 1740 De
752 1689 846 1742 Erotes.
861 1692 929 1758 dop-

124 1763 245 1824 motv'bue,
260 1760 315 1814 dieit
329 1762 392 1827 (cap.
408 1761 448 1826 lh)
464 1777 470 1811 z
486 1779 500 1810 v
508 1763 598 1814 lluabus
609 1762 745 1814 substantiis
753 1762 842 1817 tanthm
857 1765 931 1817 bomo

124 1837 232 1895 rorstet,
250 1833 327 1884 animi
337 1837 361 1884 et
374 1845 441 1884 carne
457 1849 463 1882 ι
478 1833 555 1884 anima
573 1847 625 1884 eum
646 1833 734 1886 ratione
753 1849 809 1898 sua,
822 1839 846 1886 et
859 1849 931 1889 carrae

124 1918 177 1956 num
190 1905 297 1958 sensibus
314 1905 370 1956 suis.
382 1920 396 1951 u
412 1905 522 1956 Potentia
534 1917 591 1968 erpo
603 1905 721 1958 sensitiva
732 1908 761 1958 ad
771 1917 864 1958 earnem
874 1923 930 1974 per-

124 1975 206 2028 tinent.
225 1976 284 2041 Ergo
300 1975 405 2040 corrupti
419 1987 487 2026 earne
506 1989 552 2026 non
570 1980 665 2028 manent
678 1979 788 2042 potentiae
809 1981 929 2032 sensitiva

125 2062 147 2098 m
160 2061 243 2099 anima.

155 2120 282 2180 Praeterea,
301 2117 455 2182 Philosophus
469 2117 493 2169 in
507 2119 555 2170 llll.
574 2119 713 2185 Metuplrpv.
738 2121 813 2186 (tert.
829 2127 859 2173 ll
868 2125 888 2188 l,
900 2127 929 2176 vla

123 2191 265 2256 separatione
278 2190 359 2242 anima
372 2189 468 2254 loquens
481 2190 532 2254 ,sie
546 2191 601 2242 dicit
612 2206 618 2241 ε
629 2208 642 2238 v
652 2192 679 2242 Sl
694 2197 771 2245 autem
787 2193 873 2260 aliqrrid
890 2210 929 2248 re-

123 2267 201 2314 manet
213 2261 239 2314 in
251 2265 383 2328 postremo,
399 2261 545 2324 quarendum
562 2267 598 2316 est
614 2264 642 2316 de
663 2266 707 2316 hoe
721 2281 728 2316 ι
744 2267 769 2316 in
786 2267 926 2330 quibusdam
973 2295 974 2338 p

122 2335 183 2384 enim
196 2346 241 2384 non
256 2337 289 2386 est
302 2331 457 2397 impossibile;
471 2334 534 2385 verbi
549 2333 621 2400 gratia
639 2333 660 2391 si
676 2337 751 2388 anima
764 2342 801 2388 est
814 2337 867 2390 talis
881 2340 929 2391 dis-
973 2345 974 2372 r

16 2446 19 2462 .
120 2405 315 2470 positionis‚non
331 2409 389 2468 tola,
399 2405 439 2456 sevl
450 2405 592 2469 intellectus,
603 2411 675 2460 totam
691 2405 752 2466 eninr
767 2409 828 2462 torte
840 2411 929 2478 impos-

123 2477 198 2530 sibile.
215 2495 229 2526 n
244 2479 278 2528 lix
290 2479 334 2530 boe
344 2477 433 2530 videtur
446 2478 506 2542 quod
519 2478 596 2528 aniana
611 2482 658 2531 tota
672 2479 787 2546 hcorpore
798 2495 844 2532 non
859 2497 928 2550 sepa·
973 2487 974 2538 l

51 2561 54 2577 ·
120 2553 200 2611 retur,
212 2548 339 2602 sedsolhm
355 2549 464 2616 polentiae
475 2563 556 2602 enrmn
567 2549 728 2616 intellectiva
742 2565 787 2604 non
802 2566 859 2618 argo
874 2569 927 2607 sen·
973 2539 974 2626 J

121 2619 195 2672 sititae
209 2622 248 2672 vel
261 2621 405 2688 vegetativae.
973 2633 974 2636 ’

153 2693 286 2754 Preterea‚'
280 2707 305 2744 rn
320 2695 351 2746 ll.
363 2695 581 2756 Deoatmollext
593 2695 651 2760 il),
668 2695 822 2780 Philosophus
833 2697 927 2750 dioitde
973 2675 974 2756 l

121 2762 238 2814 intellectu
249 2765 367 2829 loquens
380 2784 394 2816 o
403 2768 451 2818 lion
464 2767 537 2818 solum
547 2769 658 2833 nonhngrt
674 2769 790 2849 separari,
805 2772 830 2820 ut
841 2784 925 2837 perpe
973 2779 974 2786 ’

121 2839 185 2886 tunm
198 2835 375 2904 ieorruptihili3.
385 2836 477 2904 reliquae
494 2843 570 2890 aulem
585 2845 663 2906 partes
675 2839 757 2894 eninm
776 2839 923 2898 vnnniieslunn
973 2889 974 2910 .
