1966 3304
121 160 169 208 itt
269 165 470 216 ereremum,
486 165 579 214 onmsr.
596 163 653 216 niv,
670 165 725 204 aer.
743 165 778 203 rr.

119 260 173 298 narn
184 246 269 298 malum
285 256 333 295 non
342 243 487 308 reputabant,
501 242 541 294 sed
555 241 642 306 passim
656 241 804 295 fornicatione
821 245 896 308 quasi
907 260 936 298 re

118 318 181 370 liciti
194 317 331 376 utebantur,
346 316 407 366 sicut
424 319 448 367 et
462 314 512 367 aliis
529 329 579 380 que
595 315 658 366 erant
674 317 752 366 eontra
772 318 937 370 caeremonias

119 393 264 451 iudeorum,
273 388 376 453 quamuis
390 401 437 439 non
451 390 529 438 essent
540 389 619 438 contra
633 385 707 450 legem
719 389 816 438 nature.
830 388 861 437 Et
875 387 935 442 ideo

121 461 219 528 apostoli
234 459 406 526 immiscuerunt
419 458 597 523 prohibitionem
605 457 764 510 fornicationis
776 460 937 512 caeremonia-

120 533 198 596 libus,
213 535 305 596 propter
314 531 476 584 discretionem
488 545 538 598 quae
550 534 600 582 erat
615 529 746 594 inntroque
759 528 819 581 inter
832 531 936 586 ludaeos

122 608 146 656 et
156 603 265 655 Gentiles.
807 601 808 606 ’

155 676 188 727 ld
207 676 331 728 secundum
354 675 488 734 dicendum,
508 673 569 740 qudd
592 687 621 726 er
639 673 748 739 predicta
769 671 937 739 obscuritate,

125 746 212 798 scilicet
231 746 255 797 in
275 760 342 812 quam
359 747 491 800 ceciderunt
513 747 629 810 Gentiles,
645 748 692 797 lteo
709 745 808 797 debitam
831 745 937 808 gloriam

125 831 170 870 non
184 819 317 883 reddentes,
328 823 354 870 nt
368 819 449 871 dicitnr
461 821 542 883 Rom„
557 819 583 881 l,
598 819 636 869 lex
648 817 687 868 illa
700 817 827 882 processit,
844 822 868 868 et
884 832 938 870 uon

124 904 153 942 ex
167 891 275 944 instinctu
289 893 346 958 legis
363 897 460 946 natnrrc.
478 893 558 952 Unde,
572 891 712 956 prevalente
727 888 854 940 christiana
874 891 938 942 refi-

126 963 203 1028 gime,
218 965 254 1016 lex
268 963 307 1016 ilfa
320 965 443 1032 exstirpata
458 969 503 1016 est.
551 995 554 1002 =

157 1037 191 1088 td
207 1036 299 1088 tertium
313 1038 445 1103 dicendum,
459 1037 521 1102 qudd
536 1036 561 1089 in
576 1035 688 1101 aliquibus
699 1033 759 1086 sicot
774 1031 832 1084 nihil
846 1033 939 1088 incon·

125 1107 221 1159 veniens
233 1110 344 1174 sequitur,
361 1109 381 1159 si
392 1123 439 1160 rem
453 1109 553 1174 aliquan
569 1121 636 1172 qnam
649 1107 701 1171 quis
715 1106 740 1156 in
751 1108 865 1169 potestate
885 1108 939 1159 lra-

126 1181 178 1243 bet,
193 1179 258 1230 alteri
269 1181 403 1246 simpliciter
413 1181 487 1230 tradat
498 1215 506 1240 ,
518 1180 550 1229 ita
567 1177 635 1230 etiam
651 1190 694 1228 nec
707 1175 726 1228 si
742 1177 816 1228 tradat
827 1177 855 1226 ad
867 1179 939 1231 tem-

125 1265 182 1316 pus;
197 1256 223 1302 et
237 1251 270 1302 sic
284 1256 389 1304 nentrum
404 1256 440 1302 est
451 1255 529 1302 eontra
542 1251 617 1314 legem
632 1256 727 1302 nature.
741 1249 775 1300 fta
789 1252 867 1300 antem
884 1265 939 1306 non

124 1323 199 1379 estin
212 1325 337 1390 proposito.
353 1325 382 1374 lit
395 1323 447 1376 ideo
461 1322 520 1374 ratio
532 1337 579 1379 non
596 1322 708 1388 sequitur.

156 1397 190 1448 ld
202 1402 305 1463 quartum
317 1395 452 1458 dicendum,
466 1395 527 1459 qubd
540 1395 625 1462 injuria
635 1393 730 1457 justitie
740 1392 871 1458 opponitur.
883 1393 941 1449 Lex

125 1475 201 1520 autem
222 1468 331 1520 naturalis
353 1481 399 1518 nou
422 1466 495 1532 solium
514 1468 620 1532 prohibet
636 1465 789 1532 injustitiam,
801 1465 842 1515 sed
857 1467 939 1522 etiam
981 1481 982 1528 ξ

125 1541 231 1608 opposita
245 1540 346 1592 omnium
365 1539 489 1606 uirtutum3
509 1543 569 1595 sieut
589 1543 667 1590 contra
680 1539 753 1603 legem
767 1539 854 1588 nature
876 1547 940 1604 est,
981 1533 982 1578 Τ

119 1612 186 1682 qubd
206 1613 287 1678 aliquis
302 1611 452 1665 immoderate
467 1613 585 1676 comedat,
600 1609 704 1676 quamuis
721 1607 775 1660 talis
797 1607 865 1659 rebus
883 1613 940 1666 suis

125 1690 194 1738 utens
207 1683 264 1734 nulli
278 1684 385 1748 injuriam
399 1683 474 1737 faciat.
489 1685 519 1736 lit
532 1687 659 1750 praterea,
672 1681 767 1744 ancilla,
781 1680 892 1744 quamvis
906 1685 940 1738 sit

124 1771 161 1808 res
175 1756 260 1807 domini
274 1757 301 1807 ad
316 1755 466 1822 obsequium,
482 1769 527 1808 non
544 1759 669 1808 esttamen
688 1768 725 1805 res
743 1751 816 1817 ipsius
830 1753 860 1803 ad
873 1767 940 1809 con·

125 1828 236 1878 cubitum.
250 1829 280 1878 Et
291 1827 386 1892 iterum,
402 1829 498 1880 interest
508 1828 605 1894 qualiter
620 1826 718 1892 quisque
734 1839 759 1876 re
772 1823 815 1876 sui
834 1827 937 1892 utatur3

125 1899 180 1950 lacit
192 1899 254 1950 enim
271 1900 324 1950 talis
336 1900 443 1965 injuriam
457 1900 517 1966 proli
533 1899 692 1966 procreandae,
708 1897 736 1948 ad
759 1897 826 1961 cnjus
842 1896 939 1953 bonum

126 1984 172 2022 non
191 1971 329 2022 sufficienter
343 1972 395 2022 talis
411 1973 543 2038 conjunctio
557 1971 683 2033 ordinatur,
695 1974 721 2020 ut
740 1968 824 2019 dictum
839 1971 887 2020 est.

158 2043 193 2094 ld
206 2044 310 2109 quintum
328 2043 464 2107 dicendum,
482 2044 543 2110 qubd
563 2043 644 2096 mulier
660 2042 729 2094 babet
744 2041 885 2106 potestatem
909 2045 937 2096 in

125 2128 221 2182 corpore
239 2113 284 2166 riri
300 2129 346 2167 uon
361 2117 494 2181 simpliciter
509 2115 620 2182 quantbm
640 2114 667 2165 ad
690 2113 782 2175 omnia,
795 2111 836 2162 sed
856 2113 938 2168 solum

125 2188 235 2256 quantirm
248 2188 276 2238 ad
291 2188 468 2240 matrimonium.
481 2191 510 2240 Et
526 2187 579 2241 ideo
595 2200 642 2240 non
655 2188 732 2252 potest
746 2187 824 2237 contra
843 2184 936 2240 bonum

125 2259 263 2314 matrimonii
276 2273 360 2326 corpus
372 2259 416 2313 riri
431 2261 496 2314 alteri
508 2261 618 2328 praebere.

418 2438 575 2494 talleblbs
587 2438 626 2489 lv.

159 2569 244 2616 Utrum
259 2569 367 2617 accedere
378 2567 409 2612 nd
423 2565 579 2613 concubinam
590 2563 623 2610 sit
635 2564 761 2621 peccatum
776 2562 891 2608 mortale.
980 2585 981 2588 ι

154 2695 187 2748 ld
200 2699 303 2760 quartum
319 2695 352 2747 sic
362 2693 501 2760 proceditur.
516 2691 611 2744 Videtur
624 2690 685 2756 quod
700 2690 806 2742 accedere
821 2689 850 2742 ad
865 2703 932 2744 eon-

122 2768 227 2819 cubiunm
247 2780 292 2816 ιιοιι
307 2768 337 2817 sit
352 2769 473 2832 peceatum
486 2763 590 2814 mortale.
600 2763 672 2827 liujus
684 2761 745 2812 enim
757 2763 880 2826 peecatum
890 2768 934 2816 est

122 2839 276 2900 mendacium,
291 2841 358 2904 qutun
371 2836 490 2890 fornicatio
502 2835 597 2900 simplex
604 2852 612 2900 ;
622 2835 682 2900 quod
691 2836 754 2898 patet
765 2847 795 2883 er
808 2835 856 2886 hoc
867 2838 931 2902 quod

122 2912 200 2976 turdus,
210 2911 249 2978 qui
260 2902 433 2976 fornicationem
444 2921 490 2978 nou
501 2908 588 2960 horruit
601 2921 652 2958 cnm
665 2907 764 2982 Thamar
775 2909 931 2964 committere,
