1970 3326
282 215 316 252 un
333 214 493 280 sncmnnnro
509 217 662 257 ιιιιιιιιοιιιι.
862 209 878 259 ι

68 290 177 342 interme
191 294 216 342 et
232 291 309 342 Deum
323 295 435 342 vestrum.
447 293 522 362 u‘Sod
531 295 594 344 actus
607 293 781 349 matrimonialis
793 295 876 348 diuidit

11 425 12 428 Ἴ
68 363 180 414 bominem
195 363 211 413 a
226 364 294 427 lle03
310 365 372 414 unde
386 364 483 432 Ecod„
493 365 563 426 Xlll,
578 365 708 429 praecipitur
720 368 821 430 populo,
835 369 877 434 qui

69 433 160 484 debebat
180 434 257 482 iteum
279 433 373 496 videre,
390 433 450 498 qubd
468 447 514 486 non
531 435 648 486 accederet
664 435 690 485 ad
706 449 789 488 uxores
811 449 874 498 suas.

69 503 95 554 Ει
112 503 271 568 Hieronymus
290 503 345 556 dicit
364 501 425 568 quod
441 521 455 552 u
475 505 499 554 in
514 508 565 554 actu
587 505 765 568 matrimoniali,
779 508 877 572 Spiritus

69 579 158 626 ιιιιιιιιε
176 577 344 639 prophetarum
359 576 424 626 corda
445 589 491 625 non
507 575 588 638 tangit.
602 591 616 622 t>
628 575 687 640 Ergo
701 581 737 628 est
754 578 875 642 iniquitas.

98 649 120 694 3.
131 647 268 708 Praeterea,
281 643 338 696 illud
352 645 413 710 quod
422 645 544 697 secundiani
559 660 583 696 se
597 651 632 698 est
647 649 725 712 turpe,
736 649 797 699 nullo
808 647 876 701 modo

11 751 12 776 ι
70 717 141 778 potest
153 717 217 766 bene
236 715 295 766 deri.
310 716 355 766 Sed
367 717 430 766 actus
443 716 613 768 matrimonialis
630 731 720 781 semper
735 719 802 769 babet
817 731 876 770 con·

70 785 234 848 cupiscentiam
249 786 391 850 adjunctam,
401 799 451 849 quae
464 799 555 854 semper
565 787 640 852 turpis
654 793 699 838 est.
710 787 769 852 ltrgo
784 801 876 854 semper

70 857 245 919 estpcccatutn.

98 931 121 978 ι.
134 929 264 989 Praeterea,
275 927 333 978 nihil
346 932 476 990 excusatur,
486 929 531 979 nisi
544 931 672 994 peccatum.
688 931 733 982 Sed
747 935 811 980 actos
826 942 875 980 ma-

69 999 204 1050 trimonialis
218 999 307 1062 indiget
316 999 421 1050 excusari
435 1013 476 1064 per
490 998 549 1052 bona
560 1000 714 1065 matrimonii,
727 1005 754 1050 ιιι
767 1001 876 1066 magister

69 1069 119 1122 dicit
131 1070 180 1135 (1).
198 1071 260 1134 Ergo
277 1073 453 1136 cstpeccatum.

98 1146 121 1190 5.
136 1143 264 1203 Praeterea,
276 1158 290 1188 (ι
300 1143 328 1192 de
340 1141 452 1192 similibus
462 1141 536 1206 specie
550 1140 610 1192 idem
625 1147 659 1192 est
671 1141 814 1207 judicium.»
827 1143 874 1196 sad

69 1212 204 1262 concubitus
217 1209 391 1262 matrimonialis
407 1217 442 1262 est
459 1213 561 1277 ejusdem
576 1213 660 1278 speciei
675 1227 729 1266 cum
741 1217 792 1266 actu
809 1213 874 1266 adol-

69 1283 132 1346 terii,
142 1283 200 1348 quia
216 1282 245 1333 ad
256 1283 317 1334 idem
330 1283 473 1344 terminatur,
483 1284 569 1334 scilicet
584 1285 612 1334 ad
627 1284 725 1352 speciem
738 1285 873 1350 humanam.

69 1355 139 1419 llrgo,
155 1355 210 1408 cium
228 1358 293 1406 actus
311 1355 418 1406 adulterii
435 1356 464 1408 sit
476 1360 604 1422 peccatum,
620 1361 643 1408 et
659 1360 724 1407 actus
737 1355 879 1411 matrimonii

69 1427 182 1478 similiter.

99 1501 123 1552 o.
132 1501 260 1566 Praeterea,
272 1497 416 1566 superillitus
425 1499 448 1551 in
461 1498 606 1566 passionibus
617 1497 740 1566 corrumpit
752 1500 873 1552 virtutem.

11 1581 12 1588 ’
70 1573 113 1626 Sed
125 1587 221 1638 semper
229 1573 254 1623 in
265 1577 316 1623 actu
327 1573 488 1624 matrimoniali
501 1578 537 1624 est
551 1574 696 1637 superfluitas
708 1571 875 1636 delectationis,

70 1645 123 1697 adeo
136 1649 165 1696 ιιι
180 1644 302 1695 absorbeat
313 1643 441 1707 rationem,
455 1645 556 1710 quaest
574 1643 699 1708 principale
716 1644 815 1694 bominis
829 1643 876 1694 bo-

70 1731 131 1780 num;
146 1717 211 1768 unde
227 1716 383 1779 Philosophus
392 1715 447 1767 dicit
460 1718 484 1768 in
497 1717 547 1768 Vll.
561 1717 643 1766 Etdic.
660 1715 729 1780 (cap.
745 1713 874 1780 tt),pudd

69 1787 212 1854 impossibile
226 1792 263 1839 esi
273 1787 391 1838 bominem
402 1788 485 1852 aliquid
497 1787 582 1852 inipso
595 1787 732 1852 intelligere.
741 1787 801 1850 Ergo
810 1789 876 1838 actas

68 1858 246 1912 matrimonialis
257 1871 349 1924 semper
362 1861 398 1908 est
410 1861 539 1922 peccatum.

96 1933 146 1984 Sed
158 1935 249 1994 contra,
265 1931 284 1982 1.
296 1935 363 1988 Cor„
374 1929 424 1988 llll,
437 1929 520 1982 dicitur
534 1943 540 1977 ι
554 1946 567 1977 ιι
579 1928 602 1978 Si
616 1930 718 1993 nupserit
733 1929 812 1994 uirgo,
828 1941 875 1980 non

11 2059 12 2064 χ
69 2005 187 2069 peccarim
202 2019 217 2052 o
233 2006 257 2056 et
279 2005 298 2054 Ι.
320 2001 429 2060 Ttm.,V
446 2016 453 2052 ι
469 1998 554 2052 «Volo
572 1999 677 2065 juniores
699 2001 799 2062 nubere,
815 1999 876 2052 filios

70 2089 198 2142 procreare.
213 2075 283 2126 »Sed
296 2073 422 2140 procreatio
432 2071 530 2124 illiorum
543 2085 589 2123 non
601 2075 679 2136 potest
696 2085 747 2122 esse
758 2073 809 2122 sine
820 2084 876 2122 car-

69 2147 116 2199 nali
128 2146 301 2212 coniunctione.
310 2145 369 2208 Ergo
383 2147 447 2194 actus
460 2142 631 2198 matrimonialis
644 2147 734 2195 nonest
745 2145 875 2207 peccatum,

11 2211 12 2240 ³
68 2219 127 2270 abts
141 2217 264 2282 Apostolus
278 2230 325 2266 non
334 2215 445 2266 uoluisset
455 2215 521 2265 illud.

100 2291 231 2352 Praeterea,
241 2288 328 2338 nullum
343 2289 462 2350 peccatum
476 2289 511 2336 est
522 2283 547 2336 in
558 2288 680 2350 precepto.
692 2283 736 2343 ¹Sed
747 2286 811 2334 actus
822 2293 877 2331 ma-

71 2359 210 2412 trimonialis
228 2363 263 2410 est
276 2359 300 2408 in
316 2359 448 2422 praecepto,
463 2357 484 2406 l.
501 2355 570 2413 Cor„
583 2356 625 2406 Vll
640 2371 672 2406 :u
684 2353 753 2422 Unori
766 2354 801 2404 vir
813 2351 877 2404 debi-

69 2436 118 2482 tum
133 2431 221 2483 reddat.
237 2447 251 2478 n
267 2428 326 2494 Ergo
339 2441 386 2479 non
404 2432 439 2480 est
451 2432 577 2492 peccatum.
694 2429 706 2498 J
743 2479 744 2482 Ἴ
895 2477 908 2504 ·

103 2500 372 2568 (Communis-Cium
389 2500 416 2550 ad
425 2499 496 2564 prolis
510 2498 690 2564 procreationem
702 2496 732 2548 sit
742 2497 817 2563 ipsum
827 2509 876 2548 rna-

67 2573 205 2630 trimonium
221 2573 362 2637 institutum,
373 2574 437 2622 actus
448 2570 518 2635 ipsius
535 2583 625 2634 semper
638 2569 715 2619 licitus
726 2572 769 2619 esi.
778 2568 790 2634 Ὶ)

102 2745 136 2806 (tt
152 2747 191 2792 Sic
200 2746 234 2791 ait
242 2745 352 2802 Magister
360 2743 384 2787 in
394 2743 447 2788 loco
458 2741 520 2786 dicto
532 2758 537 2786 r
550 2741 616 2798 Quum
625 2741 694 2790 eard,
704 2745 808 2798 proptor
817 2750 875 2801 poo-

67 2816 165 2860 mom,
176 2805 485 2862 manutenementum
493 2804 535 2850 lex
543 2801 655 2848 membro
666 2803 757 2846 nostrie
765 2802 878 2849 submit,

66 2874 126 2918 ou
134 2884 185 2930 pua
201 2869 312 2916 cornelio
326 2881 377 2916 nott
385 2868 413 2925 fit
426 2866 583 2914 commixtio,
593 2863 793 2922 reprehensibilis
805 2867 838 2910 ott
852 2865 877 2908 ot

70 2935 152 2980 nolus
165 2935 260 2982 coitur,
272 2931 323 2979 otri
338 2931 468 2976 excusetur
483 2940 528 2986 per
541 2925 602 2972 tono
617 2925 740 2986 conjopii.
