2026 3304
155 191 186 248 to
309 196 514 245 sternendarum,
531 195 622 240 eomer.
640 195 685 245 tu,
702 196 757 235 anta
777 196 794 232 t.

152 277 205 342 plus
228 273 324 338 impedit
341 271 411 338 prolis
429 271 530 334 bonum,
546 271 637 322 morbus
660 270 728 332 leprae
749 271 816 335 quam
836 273 958 326 servitus.

153 347 197 399 Sed
216 348 278 410 lepra
289 357 335 395 non
352 343 443 407 ponitur
459 341 645 406 impedimentum
661 343 810 393 matrimonii.
825 343 888 408 Ergo
903 359 968 398 nee.

154 417 252 470 seruitus
267 417 335 466 debet
348 413 412 479 poni.

185 490 229 538 Sed
243 498 320 537 eontra
330 489 374 546 est,
388 483 448 548 quod
461 482 583 537 beoretalis
594 481 649 533 dicit
663 483 690 534 de
699 483 808 548 conjugio
822 498 959 552 serrorum,

154 558 215 624 qnod
227 573 241 605 u
253 570 314 607 error
327 554 463 608 conditionis
476 554 572 620 impedit
581 554 759 605 contrabendum
770 556 961 622 matrimonium,

156 633 179 680 et
196 626 281 677 dirimit
298 629 446 677 contractum.
457 641 470 672 u

187 701 313 758 Praeterea,
329 696 497 748 matrimonium
508 698 544 746 est
558 695 585 746 de
600 694 666 749 bonis
679 708 753 759 perse
773 699 918 762 expetendis,
933 699 963 751 in

156 773 266 836 guantum
285 769 354 820 babet
371 768 524 820 honestatem.
544 766 589 818 Sed
611 766 709 818 servitus
726 772 762 818 est
776 768 806 818 de
819 781 860 833 per
874 781 901 820 ee
914 770 962 820 la-

157 840 253 905 giendis.
272 841 331 903 Ergo
344 837 514 889 matrimonium
524 842 548 890 et
560 837 658 890 servitus
676 839 866 901 sodomitaria,
882 845 907 890 et
923 841 969 894 sie

157 912 257 964 servitus
271 909 439 962 matrimonium
456 910 558 974 impedit.
792 950 796 970 ,

190 981 444 1046 (monnesio-cum
452 994 493 1044 per
502 977 670 1030 matrimonium
684 980 741 1033 alter
753 981 876 1046 conjugum
888 983 968 1035 alteri

158 1053 268 1118 obligetur
283 1054 311 1103 ad
330 1051 402 1103 libert
421 1051 558 1100 reddendum
580 1050 694 1114 debitum,
710 1051 827 1104 servitulis
843 1053 970 1106 oouditio-

157 1138 223 1188 nem,
237 1137 288 1188 qum
302 1123 395 1174 liberam
408 1122 516 1174 reddendi
531 1121 599 1172 debiti
619 1121 748 1172 tenultatem
763 1123 839 1184 tollit,
858 1137 965 1179 neeesse

158 1199 193 1248 est
206 1195 310 1258 dirimere
321 1194 498 1255 matrimonium,
509 1191 630 1245 dummodo
643 1192 673 1241 sit
681 1191 794 1254 ignorata.
807 1193 817 1257 )

189 1267 324 1330 despondeo
341 1266 458 1318 dicendum
467 1301 475 1328 ,
493 1263 556 1326 qudd
577 1263 601 1314 in
618 1262 757 1315 matrimonii
770 1267 886 1316 oontrmtu
899 1267 965 1318 obti-

174 1343 290 1391 atur-nuns
300 1335 493 1400 conjugum-altari
507 1335 535 1386 ad
551 1335 650 1385 debitum
665 1335 812 1387 reddendum.
827 1337 855 1386 Et
864 1337 929 1398 ideo,
942 1341 968 1390 si

158 1353 197 1460 file
217 1409 256 1472 qui
278 1421 302 1458 se
325 1407 409 1468 obligat
429 1408 464 1455 est
479 1405 592 1468 impotens
610 1405 638 1454 ad
661 1405 812 1468 solvendum,
826 1406 965 1470 ignorantia

159 1480 230 1543 hujus
252 1477 391 1540 impotentiae
405 1475 430 1526 iu
445 1487 473 1524 eo
492 1475 529 1524 cui
547 1474 573 1523 tlt
589 1473 712 1538 obligatio,
726 1475 786 1526 tollit
803 1481 970 1532 contractum.-

159 1549 225 1598 Sicut
235 1551 311 1596 autem
322 1559 363 1610 per
373 1545 532 1610 impotentiam
542 1545 637 1596 coeundi
645 1545 746 1598 efficitur
752 1547 833 1610 aliquis
841 1548 968 1612 impotens

159 1617 188 1669 ad
200 1618 333 1669 solvendum
349 1617 458 1680 debitum,
469 1619 495 1666 ut
509 1617 601 1668 omnino
612 1630 657 1668 nrm
672 1618 745 1680 possit
754 1619 857 1681 solutum
870 1619 905 1670 ita
918 1631 969 1684 per

161 1689 305 1750 servitutem,
319 1693 346 1738 ut
358 1686 428 1739 libere
440 1687 540 1738 debitunt
554 1687 646 1741 reddere
661 1700 707 1738 uon
718 1688 800 1750 possit.
812 1691 841 1740 Et
854 1691 916 1752 ideo,
926 1693 967 1742 si-

161 1765 201 1814 cut
218 1759 354 1822 impotentia
368 1757 467 1808 coeundi
483 1758 586 1821 ignorata
603 1757 697 1822 impedit
711 1760 897 1822 matrimonium,
912 1775 967 1814 non

161 1835 236 1882 autem
253 1831 273 1879 si
287 1829 383 1890 sciatur,
397 1831 428 1878 ita
437 1829 536 1880 conditio
546 1827 662 1878 servitutis
675 1827 778 1892 ignorata
788 1832 967 1885 matrimonium

160 1900 265 1965 impedit,
279 1912 326 1950 non
337 1903 414 1950 autam
428 1899 526 1950 servitus
538 1899 603 1950 scita.

194 1973 226 2022 td
238 1972 336 2036 primum
351 1971 620 2035 ergodioendum,e1ubd
635 1971 733 2022 servitus
747 1973 898 2026 contrariatur
911 1988 969 2026 ma«

161 2042 270 2104 trirnonio
283 2040 392 2105 ouantium
407 2043 434 2093 ad
449 2047 526 2094 autum
543 2043 652 2106 adquam
666 2043 717 2106 quis
732 2055 772 2108 per
788 2044 969 2100 matrimonium

162 2114 227 2165 alteri
244 2114 367 2177 obligatur,
383 2127 451 2178 quam
464 2127 511 2164 nou
527 2117 603 2178 potest
613 2114 682 2164 libert
698 2115 796 2178 exequi3
811 2119 837 2166 et
849 2117 968 2178 quantiam

163 2186 191 2238 ad
202 2186 288 2236 bonnm
299 2185 378 2248 prolis,
393 2198 443 2248 qua
457 2185 543 2248 pejoris
554 2184 690 2236 conditionis
703 2185 801 2238 elicitur
809 2199 838 2238 ex
848 2188 970 2240 servitute

161 2258 271 2324 parentis.
288 2258 331 2308 Sed
346 2257 399 2320 quia
421 2256 516 2320 quilibet
532 2259 609 2322 potest
629 2255 653 2306 in
673 2269 701 2308 eo
723 2258 783 2322 qnod
802 2257 846 2308 sibl
863 2259 970 2314 debetur

161 2334 244 2394 sponte
264 2329 424 2380 detrimentum
443 2329 533 2392 aliquod
547 2329 638 2393 subire,
653 2329 713 2392 ideo,
728 2330 748 2382 si
763 2331 820 2382 alter
833 2329 972 2395 conjugum

162 2401 207 2452 soit
223 2399 316 2452 alterius
325 2400 474 2462 servitutem,
490 2400 639 2452 nibilominus
653 2405 716 2452 tenet
727 2401 906 2454 matrimonium.
921 2404 972 2454 Si-

162 2469 247 2522 militer
262 2471 347 2534 etiam,
362 2470 416 2535 quia
435 2470 458 2520 in
476 2471 621 2522 matrimonio
639 2475 675 2522 est
691 2473 783 2534 aqualis
805 2471 914 2535 obligatio
937 2487 971 2528 ex

162 2544 256 2604 utraque
272 2545 336 2603 parte
353 2542 380 2591 ad
398 2539 497 2592 debitum
516 2541 666 2605 reddendum,
682 2555 728 2594 non
745 2546 821 2607 potest
831 2543 916 2606 aliquis
928 2559 971 2598 re-

163 2611 253 2675 quirere
273 2612 381 2675 majorem
394 2611 554 2676 obligationem
575 2617 684 2676 exparte
705 2614 811 2671 alterius,
830 2613 898 2678 quim
914 2615 972 2680 ipse

163 2686 236 2746 possit
250 2682 332 2734 tacere.
346 2684 376 2734 Et
393 2687 486 2746 pmptor
499 2685 544 2734 lroc
558 2683 624 2734 etiam
639 2697 735 2745 seruus,
749 2685 768 2736 si
786 2683 900 2737 contrabit
912 2699 971 2738 oum

164 2752 247 2804 aneilla
258 2765 324 2816 quam
335 2754 407 2804 eredit
416 2755 524 2817 liberam,
535 2767 581 2806 non
590 2760 682 2818 propter
693 2757 738 2808 bot:
749 2756 872 2820 impeditur
883 2757 970 2809 matri·

164 2824 275 2876 monium.
291 2825 320 2872 Et
328 2825 362 2874 sie
368 2829 431 2888 patet
438 2825 498 2890 qudd
508 2825 606 2876 servitus
615 2839 660 2878 nou
674 2827 768 2892 impedit
781 2825 970 2894 matrimonium,

165 2893 211 2956 nisi
225 2895 317 2958 guaddo
327 2899 363 2946 est
377 2894 479 2958 ignorata
493 2895 522 2949 ab
537 2893 582 2946 alio
600 2895 712 2961 conjoge,
725 2903 750 2952 et
761 2899 781 2950 si
791 2899 829 2952 ille
841 2899 871 2952 sit
886 2898 971 2952 liberas
