1966 3304
106 75 152 124 262
249 83 447 134 supermensus,
466 81 560 126 ponsaq
577 79 722 130 exuuntur.
739 81 757 118 r.

105 163 192 216 femina
204 161 290 227 prolem
309 159 427 225 accipere,
439 158 479 222 qui
497 161 575 208 tumen
593 171 623 209 ex
643 157 686 208 aliu
700 157 801 222 accipere
812 163 904 223 posset,

104 239 128 286 et
137 249 188 299 que
199 235 268 286 etiem
283 233 311 284 ab
325 231 369 282 alio
380 231 431 282 uiro
443 229 637 296 impraegnaretur.
650 231 709 292 Ergo
722 229 906 296 inseperabilitae
966 265 967 298 p

104 306 241 358 matrimonii
256 303 328 368 magis
352 305 388 355 est
404 305 481 354 cobbo
499 303 572 367 legem
595 305 698 364 nature,
714 300 781 366 qu'am
800 302 829 352 ule
855 303 906 368 lege
966 363 967 372 χ

105 382 202 431 nature.
966 375 967 428 t

135 451 283 510 sedeone,
300 446 357 498 illud
368 444 485 510 praecipue
498 448 535 496 εει
552 445 580 496 ule
593 446 644 510 lege
661 449 766 508 nature,
783 446 845 510 quod
860 459 907 496 na·

103 523 223 572 iurabere
235 519 340 570 instituta
351 519 440 582 accepit
448 517 472 568 in
484 517 520 568 sui
533 517 655 582 principio.
667 519 710 570 Sed
720 518 907 582 inseparabilitas

105 591 244 644 matrimonii
258 593 295 642 est
306 589 448 654 hujusmodi,
461 593 560 656 utpatet
573 589 677 650 Maron,
686 590 816 654 lllll.,llrgo
829 594 868 642 est
877 592 906 642 de

103 668 154 730 lege
169 667 263 716 nemeae.
966 677 967 702 ³

134 739 265 799 erueres,
282 737 311 787 dc
326 735 378 798 lege
393 738 480 801 nature
496 737 532 786 εει
542 733 604 799 quod
614 735 682 786 lromo
696 735 742 786 beo
756 747 803 786 nou
817 737 908 786 mutua-
966 765 967 800 p

102 811 182 860 rietur.
197 808 242 860 Sel
259 809 328 860 bomo
341 807 508 871 quodammodo
527 806 653 859 contrarius
671 810 733 860 εεεει
751 807 814 870 beo,
830 806 851 856 si
865 820 908 858 se-
966 809 967 816 ’

102 885 193 947 pararet
211 893 268 944 quos
281 881 342 937 licus
355 880 484 942 conjunxit.
496 878 553 932 Cum
570 893 624 941 erpo
639 893 669 930 ex
681 881 726 932 bec
741 879 851 932 habeatur
865 879 908 930 in·

103 953 260 1018 separabilitas
278 951 433 1015 matrimonii,
448 951 554 1013 maron,
567 951 632 1014 lllll,
650 951 741 1004 uidetur
753 951 816 1016 quod
834 953 867 1002 sit
879 953 908 1006 de

101 1025 152 1090 lege
165 1029 263 1078 nature.
531 1073 533 1078 .

134 1098 339 1162 (Concsusro.‚-
352 1096 410 1148 Cirm
431 1099 533 1164 conjugii
552 1097 609 1150 fines
629 1097 725 1150 sintita
747 1100 799 1162 lege
818 1102 910 1152 natum

102 1169 233 1231 constituti,
248 1173 274 1220 ut
286 1170 397 1235 perpetuo
412 1169 479 1222 liberi
489 1170 613 1222 educentur
629 1168 910 1233 heredesqueiustituau-

100 1247 147 1304 tur,
158 1239 249 1304 meritb,
263 1243 342 1293 eodem
357 1242 419 1306 jnre,
428 1242 464 1293 vir
474 1241 503 1292 ab
516 1253 589 1294 uxore
598 1238 699 1306 separtri
711 1253 758 1292 neu
773 1241 876 1306 potest.)

132 1313 411 1378 Respondeodicendum,
425 1313 487 1379 quial
502 1313 671 1365 matrimonium
681 1327 711 1365 ers
721 1312 852 1366 intentione
865 1329 910 1366 na·
966 1375 967 1380 ἵ

100 1389 158 1438 ture
172 1385 287 1438 ordinatur
305 1386 332 1438 ad
348 1387 508 1440 educationem
522 1385 609 1450 prolis,
622 1399 669 1438 non
682 1385 756 1438 solim
770 1386 799 1438 al
812 1385 907 1450 aliquod
966 1384 967 1408 ¹

101 1461 207 1522 tempus,
223 1459 263 1509 sed
274 1471 315 1523 per
325 1462 396 1510 totam
410 1458 483 1510 vitam
496 1455 575 1523 prolis.
586 1458 650 1508 Unde
665 1457 693 1508 de
706 1457 758 1521 lege
770 1461 858 1510 naturae
873 1465 911 1512 est

100 1529 163 1594 qubul
180 1532 288 1590 parentes
306 1530 360 1582 tiliis
372 1530 543 1594 thesaurizent,
559 1532 584 1582 ει
601 1530 643 1582 tilii
661 1533 783 1596 parentum
802 1531 909 1582 heredes

100 1601 156 1656 sint.
171 1603 199 1652 nt
211 1601 263 1652 ideo
275 1640 282 1664 ‚
296 1601 348 1652 oium
358 1603 434 1667 proles
446 1602 478 1656 sit
491 1613 612 1654 commune
626 1602 712 1654 bonum
723 1601 773 1652 viri.
781 1605 806 1654 et
818 1603 908 1666 moris,

101 1677 192 1738 oportet
205 1687 285 1725 comm
297 1673 429 1724 societatem
442 1672 553 1738 perpetuo
573 1685 706 1738 permanere
719 1672 856 1736 indivisum,
872 1687 911 1724 εε-

101 1744 201 1796 cundum
216 1744 273 1808 legis
292 1749 380 1797 nature
400 1745 531 1809 dictamen;
546 1749 570 1798 ει
589 1745 622 1796 sic
635 1744 818 1810 inseparabilitas
828 1745 909 1796 matri·

102 1814 173 1866 monii
184 1819 220 1866 est
233 1816 261 1866 de
275 1816 326 1879 lege
337 1820 435 1869 nature.

133 1889 167 1938 ltd
179 1887 279 1951 primum
291 1901 346 1951 ergo
356 1889 493 1954 dicendum,
504 1889 566 1953 quot
578 1890 626 1942 solu
638 1890 676 1940 lex
686 1889 770 1940 Christi
780 1890 909 1940 numanum
966 1895 967 1952 t

101 1971 174 2021 genus
191 1959 219 2008 ad
233 1957 359 2022 perlectum
373 1959 481 2022 aedduxit,
497 1961 608 2014 reducens
622 1961 678 2012 illud
691 1961 716 2011 in
738 1964 823 2012 statum
838 1961 909 2012 noui·
966 1959 967 2008 l

99 2029 155 2080 tatis
172 2035 266 2079 naturae.
284 2029 348 2080 Unde
364 2034 388 2080 et
402 2030 426 2081 iu
438 2031 489 2096 lege
502 2032 592 2096 Mopsi,
615 2036 638 2083 et
648 2032 673 2084 iu
686 2031 775 2096 legibus
789 2033 907 2097 humanis,
966 2009 967 2078 l

16 2116 17 2119 ¹
99 2114 145 2152 non
157 2101 231 2165 potuit
244 2103 317 2152 totum
328 2102 480 2166 ueterrimos
499 2108 578 2157 contra
592 2103 667 2168 legem
681 2107 768 2173 nature
781 2107 849 2169 eret;
862 2106 908 2158 boc

98 2172 159 2223 enim
171 2172 215 2223 soli
228 2172 273 2236 legi
285 2171 398 2237 spiritate
411 2175 473 2224 cttae
486 2180 627 2226 reservatum
638 2179 683 2227 est.
966 2189 967 2254 p

129 2245 163 2295 bd
177 2245 303 2296 secuudum
317 2243 522 2310 dicendum,qubd
532 2245 714 2313 inseparabilitas
731 2247 842 2310 competit
859 2262 906 2300 mu·
966 2267 967 2298 ;

98 2315 222 2378 trimonio,
235 2314 361 2368 secundnm
373 2315 433 2381 quid
447 2321 481 2368 est
494 2318 586 2382 signum
598 2322 717 2382 perpetuo
736 2317 908 2382 conjunctionis
966 2315 967 2382 l

98 2388 186 2440 Christi
197 2392 221 2441 ει
229 2389 352 2452 Ecoleeinr3
367 2392 391 2440 ει
400 2389 527 2442 secundbm
538 2390 598 2454 quod
612 2393 648 2442 εει
661 2391 686 2441 in
703 2388 807 2442 eloctum
817 2395 905 2457 naturae
966 2411 967 2458 t

98 2460 126 2511 ad
140 2459 225 2511 honum
239 2461 308 2525 prolis
320 2461 458 2523 ordinatum,
469 2465 495 2511 ut
504 2461 591 2512 dictum
601 2465 636 2513 εει
647 2461 681 2526 (io
692 2475 753 2526 corp.
766 2465 810 2512 art.
818 2462 840 2528 ).
849 2465 902 2528 Sed,
966 2475 967 2534 t

100 2529 154 2595 quia
164 2531 276 2594 separatio
286 2532 426 2584 matrimonii
435 2533 508 2598 magis
519 2534 606 2588 directe
615 2539 726 2598 repugnat
741 2534 904 2598 significationi

100 2603 255 2666 sacramenti,
271 2605 339 2668 quim
353 2605 423 2669 prolis
434 2607 511 2667 bono,
525 2605 564 2656 cul
577 2620 607 2656 ex
620 2606 765 2670 consequenti
780 2615 903 2674 repugnat,
966 2593 967 2670 l

99 2677 126 2724 ut
136 2673 221 2724 dictum
232 2679 268 2725 εει
278 2680 328 2738 tou.
341 2679 380 2738 65,
390 2681 434 2727 urt.
445 2680 469 2738 2,
480 2678 509 2728 aul
521 2676 553 2740 5),
566 2677 748 2742 inseparabilitas
758 2679 902 2737 matrimonii
966 2677 967 2720 i

99 2743 172 2808 magis
185 2744 209 2792 in
221 2745 282 2796 bono
296 2749 432 2799 sacramenti
446 2748 595 2812 intelligitur,
609 2749 677 2813 quim
698 2749 723 2799 iu
739 2749 799 2800 bono
815 2753 898 2815 prolis,
966 2752 967 2820 ι

99 2813 203 2880 rpuamvis
218 2815 244 2882 in
257 2819 353 2882 utroque
371 2818 469 2886 inteligi
481 2819 571 2890 possim
586 2824 610 2872 et
623 2819 750 2876 secuntum
766 2820 829 2886 quod
849 2838 901 2896 per·
966 2839 967 2872 t
