1966 3304
239 149 271 188 ns
286 146 349 186 uoco
364 145 494 188 maslaum
508 147 569 188 rosa
584 145 692 190 udum.
819 144 865 192 sao

59 229 80 282 in
94 241 134 281 eor
148 223 251 278 hominis
263 225 423 276 ostenderunt.
437 225 647 291 ostermarus,
664 227 706 278 nn.
718 233 752 278 ne
762 229 866 282 aanor·

57 304 157 354 tattone
174 299 313 363 martyrii,
328 295 376 348 aive
396 299 560 361 martyrum,
574 297 656 350 uersus
671 299 739 352 linem
757 316 764 351 ι
782 301 866 362 «Quis

56 388 102 426 nou
116 371 228 424 omuibus
240 367 327 420 omibus
339 367 441 421 elaboret
453 369 481 420 ad
492 371 579 420 tantam
593 370 719 423 claritatem
731 373 863 437 peruenire,

55 451 79 498 ut
95 445 122 498 iu
137 442 231 494 Clmnto
240 441 326 494 ‘statim
338 441 449 504 gaudeat,
463 443 489 490 ut
502 445 555 506 post
569 444 683 494 tormenta
704 447 728 496 et
750 444 864 510 supplicia

53 523 144 569 terrem
159 515 255 580 praemia
268 512 347 578 diuina
363 511 483 576 pereipiat.
499 525 513 558 n
528 513 556 562 ut
569 511 645 564 inlrt:
662 531 676 562 (ι
692 517 782 575 Quanta
792 517 865 580 gloria

53 590 113 640 rioto
127 586 221 638 diaholo
235 583 309 635 redire
324 582 502 649 triumphantem
516 585 544 634 ad
554 584 698 650 paradisum,
718 588 865 639 coheredem

55 660 140 710 Christi
158 657 223 720 lieri,
239 654 341 707 ecelesiis
357 653 422 718 regni
442 654 586 718 possessione
598 655 689 706 lutari?
704 673 718 705 o
739 659 865 710 strumus

55 731 129 782 intutu:
148 732 265 790 «Quanta
278 727 376 798 dignitas
388 731 413 777 el
424 730 509 791 quanta
525 727 633 780 securitas
651 730 713 782 exire
732 731 789 782 ltine
804 731 865 785 inter

56 817 176 870 pressuras
190 801 330 866 gloriosum,
345 800 449 852 claudere
463 801 486 851 in
502 804 617 855 momento
631 802 710 853 oeulos
724 801 807 866 quibus
820 805 864 856 ho·

56 879 129 929 mines
139 875 279 927 ridebantur
290 877 314 924 el
323 873 430 937 mundus,
438 874 462 925 et
471 872 558 938 aperire
568 873 646 923 statim
656 887 696 924 eos
707 874 789 938 quibus
802 877 863 928 Deus

56 949 163 1002 rideatur
177 949 201 998 et
214 945 327 1008 cunutus,
337 949 407 997 ete.»

83 1023 118 1073 ld
142 1019 246 1086 primurn
261 1031 315 1082 ergo
331 1016 532 1082 limatumqudd
545 1018 624 1070 tilossa
637 1018 736 1083 seipsam
750 1021 861 1085 exponit;

54 1094 112 1155 qnod
123 1092 191 1145 euim
201 1089 271 1141 dioit:
289 1089 417 1142 «Nondum
429 1089 476 1140 eris
489 1089 529 1140 ubi
543 1095 611 1141 erunt
620 1091 703 1153 sancti,
720 1094 776 1154 eto,
786 1107 801 1140 ιι
811 1097 864 1146 sta-

53 1164 93 1214 tim
107 1163 208 1228 exponit
217 1162 334 1214 subdens:
351 1162 399 1212 uld
413 1164 463 1224 est,
476 1174 522 1212 nou
532 1161 628 1214 habebis
639 1162 754 1224 geminam
768 1165 862 1227 stolam,

54 1249 119 1300 quan
134 1235 257 1286 habebunt
270 1233 341 1284 saneti
354 1233 379 1284 in
388 1233 564 1289 resurreetione.
575 1249 590 1280 n

83 1309 116 1359 ld
128 1305 260 1359 secuudum
273 1305 407 1365 dicendum,
421 1301 481 1369 qudd
496 1303 556 1356 inter
567 1305 606 1356 ille
624 1304 700 1357 abdita
717 1308 865 1371 receptacula

56 1381 81 1432 te
90 1381 178 1446 quibes
192 1377 334 1442 Augustinus
344 1377 453 1442 loquitur,
465 1377 536 1428 etiam
551 1381 605 1428 sunt
617 1379 771 1442 eomputanda
783 1379 859 1432 inler-

56 1466 96 1502 nus
108 1456 133 1503 et
145 1451 283 1516 paradisus,
293 1449 317 1500 in
329 1449 414 1514 qulbus
423 1449 505 1500 anima
515 1449 596 1514 aliquae
608 1453 660 1500 aute
670 1451 859 1515 resurrectionem

56 1525 215 1574 eontinentur.
232 1523 276 1573 Sed
292 1521 345 1573 ideo
359 1520 506 1583 distinguitur
521 1523 614 1584 tempus
625 1525 684 1571 note
702 1525 864 1574 resurreetio-

57 1608 108 1644 nem
128 1595 244 1658 etpost:
258 1591 310 1656 quia
323 1594 377 1642 ante
392 1591 582 1653 resurrectionem
591 1593 646 1642 suut
654 1590 687 1642 ibi
700 1591 749 1643 sine
758 1606 863 1658 corpore,

24 1727 25 1730 Ἴ
55 1671 104 1727 post
112 1667 279 1728 emeruerunt
288 1677 339 1716 cum
347 1662 550 1726 oorpore3etquia
560 1661 864 1728 iratiquihusreoeptaonlis
897 1685 903 1696 ·

24 1743 25 1760 l
55 1750 112 1789 nune
128 1739 187 1789 sunt
205 1735 304 1798 anime,
322 1735 348 1788 in
364 1734 447 1800 nullm
464 1738 516 1798 post
524 1733 714 1786 resurrectionem
728 1748 775 1786 uon
786 1740 862 1796 oront.

83 1811 116 1861 ld
139 1808 235 1860 tertiam
256 1808 391 1870 ditandum,
411 1805 472 1870 quod
494 1805 599 1859 homines
621 1805 746 1858 secunditm
768 1822 865 1872 corpora

57 1881 139 1934 habent
152 1879 275 1946 omanadum.
295 1878 491 1931 continuationem
505 1878 534 1928 ad
547 1877 658 1938 inuitem
671 1879 723 1942 quia
739 1879 864 1932 seouudium

57 1966 82 2004 ea
93 1959 128 2006 est
141 1967 225 2006 verum
243 1952 304 2018 qnod
316 1951 400 2002 dieitur
414 1951 481 2008 aiot„
500 1950 576 2014 livit,
593 1951 654 2015 qutd
670 1968 684 1999 ι(
697 1950 756 2002 lleus
775 1966 805 2004 ex
818 1967 865 2006 uno

60 2025 113 2076 teuit
129 2037 201 2078 omne
216 2037 292 2088 genus
308 2023 444 2084 hominum3
462 2039 476 2070 »
492 2022 533 2073 sed
548 2022 635 2074 animas
654 2023 770 2087 sigillatim
787 2025 863 2076 linxit.

58 2095 175 2149 lindenau
191 2097 227 2148 est
235 2099 298 2146 tanta
307 2093 455 2159 congruentia
467 2097 493 2144 ut
504 2106 583 2144 omnes
598 2094 703 2145 homines
716 2095 786 2146 simul
795 2095 865 2160 glori·

59 2167 152 2222 tuentur
162 2165 188 2224 in
198 2168 291 2230 anima,
301 2170 387 2232 quanta
402 2169 428 2216 ut
437 2163 667 2228 simnlglorifioentur
679 2164 703 2216 in
715 2178 819 2230 corpore.
834 2168 865 2218 ut

58 2244 167 2302 praterea
184 2239 257 2304 gloria
275 2238 379 2303 eorporis
397 2251 445 2289 non
460 2241 495 2290 est
508 2236 541 2287 ita
563 2237 693 2290 essentialis
715 2237 774 2288 siout
791 2237 863 2302 gloria

59 2313 149 2364 omme:
158 2312 220 2365 uude
231 2311 308 2376 majus
319 2309 481 2362 detrimentum
490 2313 551 2360 esset
559 2308 654 2372 senode,
664 2310 685 2360 si
694 2308 766 2372 gloria
775 2309 860 2361 animae

60 2380 279 2446 lillemetur,qnlm
298 2380 327 2432 de
345 2381 391 2431 loe
404 2379 465 2444 quod
485 2379 556 2444 gloria
570 2379 670 2446 eorporis
684 2379 799 2444 differtum
817 2393 861 2432 nee

59 2458 132 2516 posset
145 2455 191 2505 luno
204 2451 366 2505 detrimentum
378 2451 455 2516 glorie
472 2451 641 2516 recompensari
660 2454 754 2516 propter
767 2452 864 2516 amplia-

59 2521 141 2576 tionem
151 2524 229 2590 gaudii
242 2524 383 2588 singulorum
394 2524 425 2574 de
434 2523 517 2588 gaudio
529 2522 653 2574 communi.

87 2599 239 2664 sequanum
258 2596 396 2660 dicendum,
411 2593 472 2659 qutd
486 2596 588 2646 eamdem
605 2595 759 2660 objectionem
772 2595 857 2660 Grego-

61 2666 105 2718 rius
117 2668 142 2719 in
154 2669 196 2720 lv.
209 2667 311 2732 Diutoq.
327 2667 394 2732 (sap.
405 2669 446 2730 tt,
460 2669 486 2718 ut
497 2668 546 2732 jam
556 2665 644 2732 suprt),
656 2667 764 2730 proponit
777 2671 800 2718 et
810 2669 856 2720 sol-

62 2738 110 2790 uit:
125 2741 171 2792 «Si
180 2740 251 2803 igitur
263 2739 363 2805 (inquit,
378 2751 407 2790 ex
422 2751 520 2803 persona
537 2737 697 2802 interrogantis
711 2738 784 2802 Petri)
796 2751 860 2790 nuno

64 2815 113 2862 sunt
125 2812 149 2866 in
157 2813 215 2865 ooelo
224 2811 309 2864 anima
321 2811 449 2876 justorum,
460 2810 515 2876 quid
527 2807 634 2874 estquod
643 2809 668 2860 in
683 2809 719 2865 die
727 2809 809 2874 jndioii
817 2821 859 2872 pro

64 2881 151 2946 lanitia
162 2897 211 2938 suu
220 2881 368 2938 retributione
378 2879 504 2949 recipient?
512 2897 526 2931 n
541 2880 570 2934 itt
582 2881 723 2949 respondet:
737 2880 811 2933 utino
824 2879 861 2930 eis
