1998 3326
142 139 196 190 ⁸106
291 147 497 196 succensuerunt,
513 145 606 192 oonsr.
624 145 681 194 ιιιι,
699 145 755 185 sur.
770 147 805 186 rr.

143 226 218 280 nilons
235 224 367 286 constituti,
378 237 408 275 ex
423 223 448 274 ai
464 223 548 275 ordinis
561 235 606 273 non
618 220 767 287 prohibentur
780 221 955 273 matrimonium
991 227 994 278 l

142 298 297 358 contrahere,
314 294 382 358 quia,
397 295 503 358 quamuis
521 293 612 344 ordines
626 293 660 344 illi
680 294 815 358 deputentnr
828 293 858 344 ad
872 291 953 356 aliqua
993 329 994 348 ,

143 366 286 432 spiritualia,
296 377 342 416 non
351 369 427 416 tamen
436 363 568 416 immediate
578 365 662 415 habent
672 375 787 414 accessum
804 364 833 415 ad
847 365 952 414 tractau-
992 387 994 422 ι

150 439 205 490 dnm
215 450 286 500 sacra,
298 437 356 487 sicut
364 437 397 487 illi
408 437 448 501 qni
457 435 544 488 suntin
554 433 625 487 sacris
634 437 760 486 ordinibus.
769 436 815 487 Sed
823 433 956 486 secundum
993 463 994 494 ι

145 513 258 564 stutrrtnm
271 509 419 560 occidentalis
431 507 555 571 Ecclesia,
570 509 708 562 matrimonii
719 521 773 558 usus
790 507 958 559 executionem
991 531 994 568 ι

148 579 236 634 ordinis
246 593 292 630 non
304 580 362 630 sacri
371 580 476 645 impedit,
488 584 581 644 propior
591 582 727 631 servandam
736 579 845 644 majorem
857 580 955 629 hones·
992 591 994 638 t

149 655 223 702 tatem
236 650 260 700 in
278 649 359 702 oiioiis
372 650 488 703 Ecclesia.
503 651 531 700 ltt
545 650 598 720 quia
610 649 693 714 aliquis
708 663 737 701 ex
750 650 862 702 beneficio
876 651 959 700 eoele-

148 719 244 773 siastico
260 723 350 772 tenetur
361 723 389 774 ed
401 723 560 774 executionem
573 721 673 784 ordinis,
685 725 709 772 et
720 735 748 772 ex
758 723 803 772 lroc
816 721 867 786 ipso
877 720 955 784 privi-
990 747 994 782 1

151 791 213 856 legio
226 787 324 842 clericali
335 793 434 858 gaudet,
445 793 497 846 ideo
508 795 552 844 lroc
565 793 625 858 apud
637 793 731 847 Latinos
746 791 834 844 clericis
851 790 960 844 uxoratis
989 847 991 850 ,

148 863 263 914 aufertur.
990 891 994 926 p

185 933 213 984 Et
225 947 266 998 per
276 935 321 987 lroc
333 939 395 1000 patet
405 935 486 989 solutio
500 938 528 988 ad
539 937 652 988 ultimum.

446 1115 608 1167 ARTICULUS
624 1115 663 1166 IV.

226 1238 312 1284 Uirium
321 1237 380 1284 ordo
392 1250 458 1284 sacer
467 1239 620 1284 matrimonio
633 1239 708 1296 possit
723 1238 883 1296 supervenire.

186 1363 221 1414 ld
241 1367 345 1427 quartum
367 1363 401 1414 sic
421 1363 551 1428 proceditur
560 1363 603 1428 (l).
617 1361 713 1416 Videtur
730 1363 790 1427 qndd
812 1363 962 1416 matrimonio
993 1413 994 1432 ,

153 1435 212 1487 ordo
232 1446 297 1484 sacer
318 1434 465 1500 supervenire
488 1446 535 1485 non
549 1433 631 1498 possit.
646 1435 704 1493 Quia
722 1434 803 1486 lortius
823 1434 964 1498 praejudicat
992 1459 994 1496 ι

153 1505 233 1556 minirs
252 1505 315 1556 forti.
330 1507 377 1558 Sed
392 1505 475 1557 fortius
486 1509 522 1557 est
535 1505 651 1556 uinculum
664 1506 782 1571 spirituale
795 1505 862 1569 quarn
876 1518 963 1570 corpo-
992 1531 994 1566 p

151 1577 213 1626 rale.
227 1577 304 1640 Ergo,
326 1575 347 1628 si
359 1575 503 1628 matrimonio
515 1577 610 1642 junctus
623 1578 727 1628 ordinem
742 1575 862 1640 suscipiat,
874 1578 964 1641 praeju-
993 1601 994 1626 ι

149 1648 239 1700 dicium
252 1649 395 1712 generabitur
405 1649 486 1714 uxori,
501 1653 527 1699 nt
540 1663 587 1700 non
602 1649 676 1714 possit
685 1647 786 1700 debitum
794 1646 896 1711 erigere,
906 1648 964 1700 edm

150 1721 214 1772 ordo
229 1721 259 1771 sit
273 1721 391 1772 uinculum
403 1721 530 1786 spirituale,
546 1724 568 1772 et
586 1719 755 1771 matrimonium
769 1718 887 1769 mnonlnm
906 1731 964 1770 cor-

147 1793 244 1854 ·porale.
258 1793 287 1840 Et
305 1791 338 1842 sic
351 1793 440 1842 ridetur
449 1791 510 1856 qnod
520 1805 566 1843 non
575 1791 646 1856 possit
660 1789 742 1855 aliquis
756 1789 858 1840 ordinem
868 1801 963 1841 sacrum

153 1862 274 1926 erumpere
287 1866 339 1924 post
359 1863 528 1912 matrimonium
544 1867 734 1912 consummatum.

192 1936 216 1981 2.
232 1933 358 1992 praterea,
372 1936 425 1996 post
439 1931 607 1982 matrimonium
621 1935 817 1995 consummatum,
829 1943 889 1982 unus
902 1943 963 1982 con-

156 2003 238 2066 iugum
253 2003 303 2054 sine
320 2003 415 2054 alterius
428 2009 541 2054 consensu
554 2015 600 2053 non
609 2006 685 2067 potest
693 2002 856 2054 continentiam
863 2015 962 2055 nonme.

152 2073 206 2124 iisd
217 2075 271 2124 ordo
283 2087 347 2125 sacer
357 2074 427 2124 trahet
435 2085 548 2124 annexum
558 2077 635 2124 votum
645 2073 803 2124 continentia.
812 2073 881 2137 Ergo,
893 2074 914 2123 si
923 2073 963 2125 vir

158 2144 263 2196 ordinem
284 2157 372 2196 sacrum
385 2143 458 2194 inriti
476 2155 545 2194 exoro
564 2144 690 2209 acceperit,
702 2147 795 2207 cogetur
810 2155 867 2194 uxor
884 2142 964 2194 inrita

152 2215 324 2267 continentiam
340 2227 448 2278 servare,
462 2213 576 2278 quianon
594 2218 673 2281 posset
687 2215 753 2266 alteri
765 2215 852 2267 nubere
864 2214 963 2267 vivente

160 2299 219 2338 arro.

193 2361 216 2407 a.
238 2359 367 2419 Fraterno,
381 2358 451 2409 etiam
463 2358 491 2408 ad
503 2361 594 2422 tempus
609 2371 656 2409 oon
672 2359 749 2423 potest
761 2357 797 2408 tir
810 2367 892 2408 vacare
912 2370 965 2410 ora·

152 2427 287 2480 dionisius
304 2439 419 2480 consensu
437 2429 528 2494 uxoris,
540 2433 567 2480 ut
580 2429 676 2480 habetur
684 2430 705 2478 l.
716 2427 752 2480 od
762 2430 834 2488 Cor„
843 2429 895 2478 vll,
907 2428 963 2493 Sed,

159 2499 221 2561 apud
236 2499 379 2565 orientales,
401 2498 436 2550 illi
451 2499 490 2564 qui
507 2505 561 2551 sunt
577 2499 603 2550 in
617 2499 688 2551 sacris
705 2498 838 2562 constituti,
854 2502 965 2552 tenentur

158 2570 190 2620 ad
205 2569 366 2622 continentiam
383 2575 486 2636 tempore
502 2584 549 2637 quo
566 2575 710 2636 exequuntur
725 2571 834 2622 oiticium.
849 2569 909 2633 lingo
921 2584 966 2622 nec

157 2639 211 2762 {peti
223 2647 322 2722 possunt
338 2643 437 2695 ordinari
450 2644 499 2696 sine
514 2656 629 2696 consensu
640 2657 746 2706 tuorum,
762 2647 786 2695 et
799 2642 871 2695 multd
885 2641 966 2694 minis

182 2723 195 2762 a
205 2725 247 2763 rur.

151 2873 154 2880 ·
192 2853 230 2918 (l)
244 2860 280 2906 Ex
291 2859 334 2921 IV,
351 2858 430 2912 Serti..
443 2857 499 2909 dist.
511 2858 551 2921 dl,
564 2869 604 2917 qu.
617 2857 641 2921 t,
657 2862 701 2908 art.
714 2859 738 2907 l.
