1922 3332
188 191 219 228 ne
235 190 312 232 sienis
328 195 383 240 oum
400 197 513 239 uncturum
529 173 684 246 rnmcnnmm.
789 205 834 254 bib

26 260 122 312 Christi
135 265 267 330 aduentum,
279 283 326 321 uon
341 273 417 324 statim
431 276 535 330 uidentes
550 282 659 336 mnndum
672 293 834 358 consummari,

25 335 52 380 nt
67 332 137 396 priuis
148 337 320 392 existimabant.
436 357 438 362 ’
614 361 617 368 “

57 405 98 454 Ad
112 409 238 460 secundum
250 412 367 466 dicentium
377 455 385 481 ,
395 419 454 482 quod
468 422 516 474 rlies
529 419 619 476 Domini
632 427 713 480 dicitnr
724 431 784 484 elcut
797 433 833 488 iur

23 476 127 535 venire,
143 479 197 542 qnia
210 481 325 545 ignoretur
341 488 515 544 demrmiuutnm
527 499 626 562 tempus,
641 502 756 566 quodper
767 505 832 570 signu

20 544 66 595 illa
94 551 203 612 cognosci
227 565 273 603 non
294 557 396 624 poterit3
419 565 677 626 quumvisetismsub
695 573 731 624 dic
751 577 834 640 jrndieii

20 621 196 682 comprehendi
209 625 298 688 possint
307 631 383 682 omniu
396 631 434 683 illu
451 636 637 690 manifestissima
649 641 713 707 signa
726 657 776 710 que
791 648 833 700 im·

21 688 131 741 mediate
144 693 258 756 judicium
275 703 418 766 praecedent,
436 713 461 756 nt
473 707 558 758 lictum
571 715 614 762 est.

31 757 36 764 '
54 763 95 812 Ad
111 765 207 816 tertium
218 769 348 836 meandum,
359 775 419 838 quon
430 777 454 828 in
464 779 538 842 pnmo
547 781 646 834 aduentu
656 785 757 838 Christus
769 788 833 842 uenit

20 834 144 896 occultus,
158 840 262 900 utrumuis
276 843 448 898 determinatum
465 852 554 915 tempus
565 857 625 904 osset
638 856 703 920 priis
716 861 830 924 cognitum

20 901 34 952 l
48 907 187 969 prophetis.
203 911 232 961 Et
245 912 298 965 ideo
312 929 357 966 nou
370 919 486 982 oportebat
496 922 626 987 hujusmodi
640 927 705 992 sigua
716 931 740 980 in
755 933 830 997 primo

21 976 129 1026 obventu
147 990 274 1046 apparere;
288 987 348 1037 sicut
362 993 505 1054 apparebunt
521 996 663 1050 insecundo
680 1003 793 1065 adventu,
804 1004 829 1056 in

19 1057 68 1166 qus
82 1047 222 1102 manifestus
233 1055 326 1122 seruiet,
338 1059 442 1120 quumvis
460 1061 633 1118 determinatum
648 1074 739 1136 tempus
748 1073 778 1124 sit
792 1088 829 1126 oc-

18 1128 47 1164 cu
59 1121 123 1170 tum.

325 1237 484 1293 nultcbtbs
499 1242 526 1293 11.

22 1359 116 1404 vti-rim
135 1359 200 1404 circu
209 1361 331 1418 justicium
344 1345 473 1412 seecundum
487 1371 524 1414 rei
536 1371 661 1419 ventarum
675 1377 711 1422 sol
725 1381 748 1422 et
766 1379 825 1427 tuba

323 1427 525 1477 obscurabuntur:

49 1553 86 1602 nd
104 1555 230 1606 secundum
249 1556 283 1606 sic
300 1559 438 1621 proceditur.
458 1562 551 1614 Videtur
567 1565 628 1630 quud
640 1569 701 1622 circu
713 1571 822 1638 judicium

16 1623 148 1674 secundnm
161 1625 333 1678 relueritetern
347 1630 382 1680 soi
402 1634 427 1682 et
443 1631 497 1683 luna
504 1633 696 1692 obscurabuntur.
711 1643 767 1703 Quia
777 1685 784 1710 ‚
796 1647 826 1700 ut'

17 1695 73 1746 dicit
88 1696 197 1748 [tabanus
209 1705 278 1764 super
290 1701 400 1752 Malim:
413 1721 426 1752 o
437 1705 500 1755 Nihil
509 1708 613 1770 prohibet
624 1710 759 1779 intelligere,
768 1724 822 1774 tunc

17 1769 131 1830 temporis
144 1771 255 1822 remorer
270 1773 340 1822 solem
354 1779 377 1824 et
389 1775 467 1825 lunam
480 1791 531 1828 cum
551 1779 664 1834 sideribus
677 1790 767 1841 ceteris
779 1805 821 1845 suo

18 1834 107 1890 lumine
118 1840 217 1904 privari,
233 1843 345 1906 quomodo
359 1846 387 1896 de
400 1847 450 1898 sole
461 1851 643 1905 constutiactum
658 1868 708 1910 esse
719 1864 819 1930 tempore

18 1910 145 1964 bominicae
157 1914 304 1978 passionis.»

49 1988 75 2032 Ξ.
91 1985 220 2047 Praeterea,
234 1985 274 2036 lux
285 1999 402 2052 corporum
414 1991 541 2046 celestium
552 1997 580 2048 ad
598 2003 766 2062 generationem
779 2009 817 2060 in-

18 2053 129 2106 teriorum
149 2069 268 2120 corporum
287 2059 416 2126 ordinatur,
432 2064 485 2126 quie
499 2079 539 2130 per
556 2079 607 2119 eam
621 2070 720 2126 influunt
731 2077 756 2128 in
768 2081 817 2133 hec

19 2126 136 2192 interiore,
151 2135 175 2180 et
187 2141 233 2180 non
251 2129 323 2182 solum
337 2147 378 2198 per
391 2139 492 2200 motum,
506 2143 532 2190 ut
546 2140 601 2192 dicit
613 2145 723 2199 inermes
737 2151 761 2202 in
775 2153 815 2205 lib.

20 2201 57 2251 De
70 2203 213 2253 monsontio
230 2204 306 2256 orbis.
321 2205 366 2257 Sed
377 2211 432 2259 tnnc
446 2213 562 2274 generatio
577 2217 683 2270 cessabit.
698 2221 757 2286 Ergo
774 2240 817 2278 nec

21 2271 59 2324 lux
74 2275 98 2325 in
110 2275 242 2330 coelesbbus
254 2279 387 2342 corporibus
402 2282 536 2334 remanebit.
698 2353 699 2356 Ἴ

50 2351 73 2398 3.
91 2347 217 2411 Pretereu,
231 2347 335 2400 interiora
348 2357 442 2416 corpora
455 2355 608 2418 purgabuntur
623 2360 665 2424 (ul
678 2363 812 2426 quibusdam
869 2382 872 2392 ·

20 2418 124 2480 uidetur)
139 2417 152 2468 l
167 2419 312 2482 qualitatibus
327 2423 410 2486 quibus
430 2428 508 2488 agunt.
524 2427 611 2493 Corpus
628 2437 703 2483 autern
723 2437 813 2494 coeleste

21 2502 65 2540 non
74 2490 148 2542 sollum
157 2491 204 2556 agit
212 2503 253 2556 per
261 2497 357 2554 motum,
367 2495 406 2545 sed
415 2509 456 2562 per
464 2498 587 2562 lumen‚ut
596 2501 728 2557 dictumest.
741 2509 820 2578 Ergo

21 2561 76 2612 sicut
89 2566 166 2613 motus
176 2563 228 2612 cccli
240 2563 347 2626 cessabit,
358 2565 389 2616 ita
403 2573 425 2617 et
438 2569 515 2618 lumen
530 2583 648 2634 corporum
659 2577 794 2634 coelestium.

49 2635 91 2684 Sed
106 2639 185 2685 contre
198 2638 249 2697 est,
263 2635 323 2698 qubl
334 2638 456 2689 seeundum
468 2641 592 2706 astrologos
606 2645 639 2695 sot
649 2650 672 2697 et
681 2647 735 2700 lune
743 2653 810 2708 simul

22 2705 121 2769 eclipsim
143 2706 189 2770 puti
208 2719 254 2756 non
270 2707 376 2788 possunt.
388 2710 433 2760 Sel
447 2709 487 2760 ille
502 2711 629 2766 obscuratio
648 2719 701 2772 solis
713 2727 736 2772 et
749 2725 809 2779 lunas

22 2777 86 2829 simul
105 2791 156 2830 esse
174 2777 269 2838 dicitnr,
284 2779 380 2832 Domino
396 2783 423 2832 mi
435 2780 548 2846 judicium
560 2787 676 2841 ueniente.
693 2793 751 2860 Ergo
763 2812 810 2850 non

22 2850 62 2899 erit
70 2850 200 2902 obscuratio
212 2849 335 2901 secundnm
345 2852 378 2904 rei
389 2845 505 2906 venialem
517 2868 558 2920 per
567 2859 656 2911 molum
669 2865 760 2930 eclipsis
770 2885 811 2922 na·

21 2923 107 2976 torulis.
350 2931 352 2936 ’

704 3002 748 3053 ii’
