1946 3318
164 223 195 259 ma
211 221 369 258 auraemalae
385 221 515 260 consonum
532 221 726 260 usuneuurrurr.
808 215 853 260 tal

46 297 109 363 quod
130 297 174 346 luit
187 295 263 346 anima
280 297 382 347 rationali
395 297 536 361 perlectum
552 311 605 361 ergo
624 311 670 348 aon
687 298 761 349 solum
778 304 854 364 partes

46 369 188 420 seeundum
200 370 321 432 spectem,
334 368 374 418 sel
388 367 457 418 etiam
471 381 550 420 omues
560 374 637 434 partes
646 371 782 420 secandam
800 386 854 421 ma·

45 443 163 500 terium,
181 445 306 502 resurgent.
656 462 657 473 κ

84 517 108 562 3.
129 513 254 574 Praeterea,
271 525 300 561 ex
314 509 341 561 ea
357 514 421 574 parte
437 511 521 562 accidit
536 511 576 561 ‘illo
589 513 678 577 corpori
691 513 808 575 totalitas,
822 527 851 564 ex

47 597 98 649 qua
116 587 183 648 parte
197 583 279 634 accidit
292 583 313 633 ei
326 583 408 632 divisio
425 581 450 632 in
469 586 551 646 partes.
568 583 611 633 Sed
635 583 717 635 divisio
730 585 755 635 in
775 590 853 650 partes

46 655 135 706 aemulit
148 655 236 718 eorpori
248 655 375 704 seeundum
385 655 519 715 materiam,
528 655 595 719 eujus
606 653 725 718 dispositio
735 660 772 707 est
781 668 853 721 quan—

46 729 120 788 titas,
142 725 266 776 seeundum
283 739 350 789 quam
372 725 488 775 dividitur.
506 726 563 789 Ergo
585 730 608 776 et
629 726 729 777 totalitas
751 729 853 792 eorporis

47 797 177 848 attenditur
193 795 317 848 seeundum
330 799 407 859 partes
423 795 533 859 maleum
550 796 570 846 si
580 809 633 860 ergo
647 811 694 847 uon
707 810 786 849 omnes
796 812 854 863 par-

47 876 87 919 tes
100 868 202 918 materie
217 870 346 930 resurgeat,
366 880 408 918 neo
426 871 499 917 totum
514 881 596 930 eorpus
609 872 730 932 resurget3
744 872 804 934 quod
819 875 853 921 est
892 891 893 895 1

46 939 224 990 inconveniens.
362 953 364 962 ·

81 1011 128 1062 Sed
149 1013 330 1074 contrariantes
350 1010 487 1060 seeundum
502 1011 640 1061 materiam
657 1025 703 1062 nou
723 1016 816 1064 manent
828 1013 853 1063 io

47 1093 160 1145 corpore,
174 1083 214 1131 sed
230 1081 303 1131 luunt
316 1082 457 1145 olrannum,
470 1086 496 1130 ut
507 1085 568 1146 natet
582 1095 624 1150 per
633 1081 688 1133 illud
699 1084 759 1145 quod
771 1083 854 1134 dieitur

47 1152 74 1203 in
91 1153 101 1202 l
111 1153 149 1202 De
165 1154 330 1215 ueneratione.
346 1153 371 1203 Si
381 1165 435 1216 ergo
445 1165 523 1203 omnes
533 1155 610 1217 partes
623 1153 761 1202 seeundum
771 1159 855 1204 mate·

48 1226 122 1273 riam
140 1235 191 1286 quea
202 1235 248 1273 nou
261 1228 353 1274 manent
366 1225 390 1274 ia
404 1237 508 1288 corpore,
519 1226 559 1276 aed
573 1225 646 1273 lluuut
657 1229 681 1274 et
697 1225 809 1286 refluunt,
820 1240 854 1276 re·

47 1294 210 1358 surgent‚uel
220 1295 264 1344 erit
274 1307 357 1360 eorpus
366 1295 506 1360 resurgentis
519 1295 688 1358 densissimum,
702 1296 740 1346 vel
755 1295 798 1346 erit
811 1297 854 1346 im-

46 1367 174 1416 moderatae
189 1365 339 1429 quantitatis„

80 1437 212 1500 Preterea,
223 1437 332 1502 quidquid
347 1441 383 1490 est
398 1439 426 1489 do
443 1439 541 1490 ueritate
550 1439 657 1489 humane
669 1441 756 1488 uaturae
770 1438 795 1488 iu
808 1452 855 1491 uno

47 1510 159 1570 homine,
174 1511 248 1558 totum
261 1512 337 1572 potest
350 1521 401 1560 esse
419 1522 472 1574 pars
483 1509 584 1560 materie
601 1508 626 1558 in
640 1509 688 1560 alio
697 1508 788 1560 homine
796 1545 805 1572 ‚
814 1511 855 1574 qui

47 1583 102 1644 ejus
113 1579 221 1634 carnibus
233 1581 343 1632 vescitur.
357 1581 382 1630 Si
395 1593 449 1646 ergo
467 1592 546 1632 omnes
558 1579 782 1644 parteseeeundrtm
800 1596 854 1631 ma-

50 1653 147 1702 teriam
166 1656 287 1714 resurgent
302 1653 429 1716 irruitque,
447 1652 549 1716 sequitur
563 1652 624 1716 quod
646 1656 750 1715 resurget
769 1650 793 1700 in
808 1666 854 1703 uuo

47 1726 73 1775 id
84 1723 147 1788 quod
163 1726 200 1773 est
212 1723 240 1773 de
252 1723 349 1774 veritato
360 1725 465 1774 humanae
479 1727 566 1774 nature
578 1722 603 1772 ia
615 1722 659 1772 alio
674 1723 752 1786 :quot
766 1725 801 1774 est
817 1725 854 1775 in-

48 1807 201 1847 conveniens.

83 1867 278 1926 (conctusro.-
286 1863 345 1916 Cim
354 1864 448 1919 matoria
456 1875 508 1928 qua
517 1864 560 1916 tuit
572 1865 596 1914 in
607 1866 700 1916 homine
714 1864 851 1930 aprinoipio

48 1939 104 1990 vitae
115 1949 190 2001 usque
199 1937 227 1988 ad
241 1939 310 1988 linem
320 1977 326 2000 ‚
336 1937 437 1988 debitam
451 1937 536 2001 speciei
551 1936 701 2001 quantitatem
716 1940 852 2001 excederet,

49 2025 96 2062 non
116 2009 228 2074 quidquid
246 2009 290 2060 luit
310 2011 335 2060 in
355 2009 449 2061 homine
473 2009 633 2072 materialiter,
651 2013 724 2060 totum
744 2023 795 2059 eum
814 2008 854 2059 illo

47 2084 154 2148 resurget
162 2079 213 2130 -nisi
226 2078 311 2144 speciei
323 2080 436 2132 totalitate
451 2078 618 2140 considerata)

80 2153 218 2216 Respondes
236 2151 369 2215 dicendum,
384 2150 444 2215 quod
458 2151 514 2202 illud
534 2153 596 2214 quon
611 2154 646 2201 est
660 2151 685 2200 in
698 2151 793 2202 homine
807 2165 854 2202 ma-

48 2222 162 2274 terialiter
175 2235 221 2272 uon
233 2223 303 2272 habet
311 2221 414 2272 ordinem
428 2222 456 2272 aul
470 2221 659 2272 resurrectionem
671 2221 717 2272 nisi
728 2223 854 2272 seeundum

48 2295 111 2358 quod
127 2293 227 2356 pertinet
241 2293 267 2342 all
281 2293 402 2344 ueritatem
419 2294 524 2342 humanae
538 2297 641 2351 nature,
654 2291 707 2356 quia
729 2291 854 2342 seeundum

50 2366 95 2414 ona
106 2364 178 2413 trahet
195 2363 297 2414 ordinem
309 2365 337 2414 ad
351 2362 448 2413 animam
462 2363 604 2413 rationalem.
617 2363 675 2412 lllud
686 2366 762 2413 autem
779 2365 854 2414 totum

48 2435 110 2498 quod
120 2438 158 2484 est
171 2437 196 2483 in
209 2434 303 2485 homine
316 2433 463 2485 materialiter
474 2434 574 2498 pertinet
587 2433 678 2497 quidem
693 2432 725 2482 aul
735 2432 854 2484 ueritatem

49 2507 157 2556 humanae
169 2509 378 2566 autoramentum
390 2507 418 2556 ad
427 2505 449 2555 id
463 2505 523 2568 quod
534 2505 603 2554 habet
613 2503 641 2554 te
652 2504 745 2568 speeie,
758 2504 853 2554 sednon

49 2580 123 2627 totum
138 2574 281 2626 considerati
298 2577 398 2627 materie
417 2575 542 2636 totalitate;
563 2575 617 2639 quia
629 2577 677 2624 totu
691 2577 786 2624 mamare
804 2589 854 2639 que

50 2647 93 2698 tuit
110 2648 136 2698 in
154 2647 249 2697 tremine
269 2646 406 2710 apriueipio
428 2648 483 2698 ultae
496 2659 568 2711 usqne
588 2647 616 2696 ad
635 2646 720 2709 inem,
735 2646 854 2698 excederet
918 2655 921 2664 ’

50 2719 198 2782 quantitatem
210 2718 310 2769 debitam
323 2717 410 2782 speciei
419 2756 426 2780 ,
436 2721 462 2768 ut
477 2719 545 2768 tertia
560 2717 637 2782 opinio
652 2717 723 2780 dicit,
735 2731 786 2780 que
797 2730 853 2780 pro-

49 2789 146 2840 babilior
158 2789 219 2839 iuter
231 2792 325 2840 ceteras
337 2789 392 2838 milri
402 2789 501 2840 vldetur.
512 2790 539 2838 tlt
552 2789 604 2838 ileo
618 2792 692 2838 totum
702 2789 762 2851 quod
775 2792 810 2837 est
828 2788 853 2836 in

50 2861 142 2911 nomine
161 2863 266 2924 resurget
278 2858 420 2910 considerati
433 2859 544 2910 totalitate
560 2859 714 2924 specieique
729 2857 854 2909 attenditur

49 2930 174 2982 serrandum
193 2929 356 2994 maantitatem,
373 2930 482 2992 igrrram,
497 2930 564 2980 situm
585 2935 608 2979 et
625 2932 726 2981 ordinem
740 2929 850 2993 uartium3
