1954 3314
238 151 270 189 be
284 149 409 190 deterrere
424 151 552 192 correnum
566 153 701 192 antrorum.
826 148 870 196 een

38 224 229 278 movebuntur
241 239 335 290 prosus
347 226 411 277 libito
419 226 556 288 voluntatis,
572 227 664 279 utillud
679 230 739 292 quod
751 229 870 283 babentia

40 297 169 357 virtute,
184 300 240 348 actu
253 299 392 360 exercentes,
403 297 503 347 divinam
521 298 655 362 sapientiam
668 299 869 352 commendabilem

43 367 211 430 ostendaut3
232 369 257 417 et
270 371 295 418 ut
310 365 379 418 etiam
398 367 461 417 risus
480 380 557 418 eornm
571 368 685 420 reficiatur
701 369 869 433 pulchritudine

48 441 232 488 creaturarum
246 437 399 500 diversarum,
413 437 438 486 iu
454 437 537 500 quibus
555 439 595 490 liei
614 438 724 504 sapientia
742 441 869 492 eminenter

48 507 196 558 relucebit.
211 507 299 558 Sensus
321 507 381 558 euim
404 520 451 558 nou
472 511 619 571 potestesse
641 509 686 560 uisi
705 510 868 574 presentium,

51 578 178 642 quamvis
198 577 271 642 magle
286 577 435 640 albugineus
450 577 538 640 possint
555 578 640 630 sentire
653 591 747 644 comere
763 580 868 645 gloriosa,

54 649 136 713 qubm
152 661 204 700 non
215 649 321 712 gloriosa,
334 651 360 698 nt
369 647 438 711 sopri
450 649 500 713 (qu.
513 652 537 710 8,
552 654 596 699 arta
611 652 634 713 t,
646 651 676 702 ad
689 653 723 713 6).
736 651 783 702 Νεε
792 655 868 704 umen

55 731 108 783 per
124 723 220 770 motum
229 717 313 782 aliquid
321 718 431 782 deperibit
439 730 518 768 somno
525 719 668 778 beatitudini,
677 720 836 783 puaeconslellt
844 721 869 772 in

55 790 163 842 visione
182 788 240 849 bei,
253 800 321 850 quam
337 788 421 852 ubique
434 792 569 850 presentem
588 789 718 852 habebunt3
734 789 793 842 sicut
804 796 828 844 et
839 793 868 844 da

58 859 161 924 angelis
174 858 230 909 dicit
242 858 377 922 Gregorius,
390 857 452 921 quod
472 857 556 909 aintra
569 858 639 910 Deum
656 864 749 910 cerrum
760 871 870 925 quocum·

58 944 110 996 quc
129 929 286 980 mittantur.»

96 1001 135 1052 Ad
154 1000 257 1064 primum
270 1010 324 1063 ergo
337 997 470 1060 dicendum,
480 999 541 1064 qubd
553 999 634 1051 localis
648 1003 724 1051 metue
736 1012 782 1053 non
797 1003 869 1054 variat

62 1070 158 1134 abquid
175 1080 255 1120 eornm
273 1081 324 1132 pue
338 1073 393 1118 suut
405 1070 509 1120 intranea
523 1071 571 1129 roi,
586 1070 627 1122 sed
637 1070 709 1121 eolbm
722 1071 746 1120 id
762 1075 822 1135 quod
835 1078 871 1125 εει

63 1145 136 1194 extra
149 1151 215 1201 rem,
227 1137 315 1189 scilcet
329 1138 414 1190 locum.
424 1139 489 1189 Unde
500 1139 555 1190 illud
565 1140 625 1201 quod
639 1143 742 1190 movetur
755 1146 820 1192 motu
833 1144 870 1195 lo·

65 1212 134 1271 cali,
151 1213 189 1261 est
205 1207 330 1272 perlectum
343 1211 453 1272 quantum
468 1208 498 1258 ad
513 1220 539 1258 ea
556 1220 607 1271 que
621 1211 676 1258 suut
692 1209 751 1259 iutra
763 1223 827 1272 rem,
840 1216 868 1264 ut

67 1282 156 1333 dicitur
170 1280 196 1330 in
215 1280 276 1330 lllll.
295 1280 395 1344 Ptpsz'c.
413 1279 487 1342 (text.
505 1281 535 1328 ta
549 1282 572 1328 et
596 1278 655 1339 dil,
670 1278 774 1342 quamvis
788 1281 870 1333 lrabeat

66 1349 269 1416 imperfectionem
281 1352 387 1413 respectu
400 1348 461 1412 loci;
475 1347 529 1411 poia
541 1347 595 1398 dum
608 1354 645 1399 cst
658 1347 683 1400 in
695 1361 741 1400 uno
759 1350 809 1401 loco
815 1387 824 1414 ‚
833 1356 870 1404 est

70 1424 98 1474 in
109 1419 212 1486 potentia
225 1420 252 1473 ad
265 1420 335 1470 alium
348 1419 422 1470 locum
430 1455 439 1480 ‚
448 1417 501 1482 quia
516 1431 560 1468 nou
569 1421 644 1482 potest
655 1431 707 1469 esee
721 1423 770 1470 actu
784 1419 807 1469 iu
820 1421 869 1485 plu·

70 1494 138 1545 ribus
150 1489 206 1542 locis
219 1489 285 1539 simul
295 1505 302 1552 ;
311 1490 355 1539 lioc
363 1487 424 1538 enim
437 1489 508 1539 solius
522 1488 562 1538 bei
575 1489 756 1539 medicantem
769 1490 870 1542 delectus

73 1576 122 1617 uon
130 1565 240 1626 repugnat
249 1558 383 1624 perfectioni
396 1559 471 1622 gloriae
480 1596 487 1619 ,
497 1559 556 1609 sicut
565 1573 608 1610 uec
618 1559 719 1610 delectus
732 1559 792 1623 qubd
804 1574 867 1612 crea·

72 1639 126 1686 tura
139 1637 173 1683 est
184 1645 212 1683 ex
227 1629 307 1682 nihilo.
329 1629 358 1680 Et
371 1628 423 1680 ideo
436 1629 561 1680 manebunt
579 1629 684 1682 delectus
704 1629 834 1695 hujusmodi
845 1631 869 1684 in

75 1703 204 1769 corporibus
220 1700 331 1766 gloriosis.

110 1776 144 1827 ld
152 1774 273 1826 secuudum
282 1772 416 1833 dicendum,
429 1769 491 1836 quod
504 1770 586 1834 aliquis
595 1769 676 1822 dicitnr
685 1769 802 1836 dupliciter
811 1771 870 1826 iodi-

80 1860 133 1916 pere
143 1845 227 1908 aliquo,
239 1842 326 1894 scilicet
340 1842 472 1906 simpliciter
488 1843 513 1893 et
525 1839 650 1893 eccundbm
659 1841 722 1905 quid.
736 1841 871 1906 simpliciter

81 1918 170 1985 quidem
184 1913 271 1978 indiget
283 1911 365 1976 aliquia
379 1913 418 1963 illo
429 1913 481 1963 eine
496 1924 542 1976 ouo
557 1923 603 1964 non
619 1915 693 1976 potest
706 1912 834 1963 conservari
846 1912 870 1963 ln

83 2003 142 2048 esse,
157 1986 192 2036 rel
203 1985 228 2034 in
241 1995 282 2034 sna
295 1982 444 2047 pellectione.
463 1983 491 2033 lei
505 1981 538 2034 sic
551 1985 626 2034 motae
638 1981 663 2033 iu
675 1984 807 2046 corporibus
819 1982 872 2046 glo-

85 2059 150 2113 riosis
166 2068 210 2106 nou
228 2054 272 2107 erit
293 2053 500 2120 propter-aliquam
520 2053 682 2117 indigentiam,
701 2053 754 2117 quia
773 2052 802 2103 ad
823 2055 872 2104 bec

88 2128 159 2183 omnia
172 2123 266 2176 solflriet
279 2125 313 2175 eis
330 2137 372 2174 sua
385 2123 514 2175 beatitudo.
528 2123 572 2174 Sed
586 2122 710 2174 secunddm
720 2121 775 2184 quid
787 2121 872 2186 indiget

88 2197 163 2262 discis
173 2196 209 2246 ille
219 2194 269 2246 eine
280 2207 326 2259 quo
336 2207 383 2244 non
391 2198 467 2258 potest
475 2193 572 2256 aliquem
583 2193 651 2243 linem
659 2192 770 2242 intentum
780 2190 872 2256 habere,

87 2270 124 2321 sel
135 2279 176 2318 noa
187 2266 220 2316 ita
231 2264 304 2326 bend,
322 2264 359 2314 vel
376 2265 417 2314 teli
432 2262 509 2314 modo.
525 2264 553 2312 lit
569 2263 603 2314 sic
616 2266 691 2312 motus
708 2260 751 2312 erit
762 2260 786 2311 iu
802 2260 873 2316 beatis

89 2342 174 2405 propter
183 2335 344 2399 indigentiam
362 2347 407 2385 non
419 2333 481 2384 enim
493 2336 599 2397 poterunt
610 2331 753 2382 manifestare
768 2331 873 2384 rientem

91 2409 187 2461 melleam
199 2406 224 2456 in
242 2405 326 2469 scipsis
339 2404 495 2468 experimento
506 2403 567 2464 ,nisi
585 2404 727 2455 moveantur.
740 2401 874 2467 liujusmodp

91 2479 148 2532 enim
157 2475 290 2540 indigentias
303 2475 362 2525 nibil
374 2474 480 2538 probibet
495 2474 519 2522 in
536 2471 667 2536 corporibus
679 2471 781 2533 gloriosis
790 2483 849 2523 esee.

120 2549 150 2601 ld
160 2548 249 2599 tertium
260 2545 381 2596 dicendum
389 2582 397 2606 ‚
405 2542 466 2608 qudd
478 2543 538 2594 ratio
548 2542 587 2593 illa
600 2541 745 2606 procederet,
759 2541 780 2592 ri
791 2552 874 2606 corpus

93 2621 199 2688 domuum
212 2629 257 2669 nou
269 2620 349 2681 posset
362 2617 430 2667 etiam
446 2614 497 2665 siue
510 2617 573 2664 motu
582 2611 716 2677 participare
725 2611 873 2663 moinambo-

93 2686 262 2751 niuemmaltd
270 2685 395 2752 perlectibs
404 2683 473 2748 parim
483 2695 578 2747 corpora
593 2680 709 2744 coelestta3
723 2681 872 2746 quodfalsum

95 2767 133 2820 eet.
144 2760 200 2812 dode
212 2767 306 2822 corpora
317 2754 413 2818 plumosa
429 2766 476 2805 non
487 2754 638 2805 movebuntur
650 2752 679 2802 ad
695 2749 874 2816 consequendam

98 2833 205 2902 pertesum
214 2827 299 2880 diripe
311 2823 422 2890 benimtis
435 2823 628 2889 participationem
637 2820 710 2888 (hanc
722 2817 874 2876 enimbabeet
