2026 3304
268 208 299 244 nn
314 207 474 246 rurnnrnrnnro
490 207 648 248 aarrurrarrs.
811 199 859 250 tta

51 284 112 350 audd
127 295 221 346 semper
232 281 344 344 obligetur
353 283 382 332 ob
391 283 435 333 boc
443 283 503 334 atius
511 283 581 333 irater
592 285 620 334 ad
631 283 791 336 dimittendum
799 299 859 338 uxo·

52 369 99 406 rem
118 367 201 416 suam,
217 351 269 415 quia
281 354 409 416 frequenter
422 353 480 404 tales
490 354 646 406 amasiones
654 369 683 406 ex
697 354 858 408 malevolentia

14 451 22 464 ·
53 425 184 491 procedunt
195 461 201 485 ,
212 427 236 474 et
253 424 378 487 perfalsus
395 428 468 476 testes
477 426 609 490 probantur.
628 427 692 478 Unde
708 440 755 478 non
769 431 859 492 oportet

52 498 112 564 quid
135 495 300 546 conscientiam
325 509 388 546 suam
408 497 516 548 informet
534 511 563 548 ex
587 499 623 550 bis
642 512 693 562 qnae
714 500 774 550 circa
795 501 858 552 adad

52 567 225 620 matrimonium
241 572 295 619 sunt
307 567 382 633 iacta;
397 569 437 620 sed
452 569 637 634 distinguendum
652 571 741 622 uidetur
754 571 778 622 in
796 573 856 636 boc;

51 642 106 706 quia
121 643 161 688 aut
181 639 250 689 babet
268 645 355 690 certam
371 641 525 704 coguitionem
547 643 575 694 de
594 642 757 707 impedimento
777 642 859 694 matri-

14 731 15 778 p
51 711 143 773 monii,
159 715 199 760 ant
222 711 370 774 opinionem,
385 715 427 762 aut
446 716 559 764 neutrum.
579 713 605 763 Si
624 713 698 778 primo
716 715 799 778 modo,
817 727 860 766 nac

51 783 162 845 exigere,
178 795 221 832 uec
232 784 326 833 reddere
339 783 440 834 debitum
450 783 533 847 debet;
545 785 565 836 si
579 787 680 837 secrurdo
695 786 761 836 modo
769 823 778 850 ,
791 787 860 838 debet

51 854 163 934 reddere,
178 854 219 904 sed
241 866 287 906 non
309 853 413 919 exiger03
431 855 452 905 si
471 857 554 920 tertio,
576 862 653 922 potest
674 862 697 909 et
719 857 814 910 reddere
835 860 860 909 et

51 937 154 988 engere.

354 1033 514 1086 ARTIGULUS
530 1035 559 1085 tt.

56 1161 146 1208 Uirium
155 1159 189 1204 od
197 1161 371 1215 separationem
381 1161 531 1206 matrimonii
540 1163 659 1206 contracti
668 1161 732 1205 iuter
741 1161 827 1216 afflues
836 1163 860 1205 et

90 1221 291 1278 mnaonouimoa,
302 1222 337 1266 oa'c
344 1223 517 1278 procedendum
526 1235 568 1280 per
579 1225 642 1268 vium
652 1223 820 1267 accusationis.

83 1355 118 1404 bd
138 1351 253 1404 decimum
265 1352 299 1402 sic
312 1353 449 1416 proceditur.
465 1352 559 1404 Videtur
567 1352 629 1416 quod
645 1354 673 1403 ad
688 1351 861 1416 separationem

56 1422 200 1476 matrimonii
210 1424 271 1486 quod
281 1428 317 1474 est
330 1423 388 1476 intur
396 1423 478 1478 attineo
488 1429 511 1475 et
519 1423 700 1488 subsanguineos
710 1426 862 1486 conuectum,

53 1510 99 1548 non
116 1496 149 1546 sit
166 1495 334 1559 procedendum
350 1507 391 1560 per
408 1495 468 1546 viam
484 1496 646 1546 accusationis.
664 1495 721 1554 Quia
735 1493 863 1544 accusatio-

54 1582 107 1620 nem
124 1565 239 1631 praecedit
251 1565 383 1629 inscriptio,
397 1579 441 1630 qua
460 1565 540 1630 aliquis
554 1579 579 1616 sa
593 1567 743 1617 adtalionem
756 1565 857 1629 obligat,

55 1638 113 1690 siin
130 1637 265 1702 probatione
276 1635 397 1690 defecerit.
411 1639 455 1688 Sed
471 1639 521 1690 bac
540 1651 586 1688 non
608 1639 759 1700 requiruntur
770 1636 862 1699 quando

14 1703 16 1740 i
55 1711 82 1760 de
92 1708 237 1760 matrimonii
256 1707 398 1772 separatione
411 1708 493 1771 agitur.
514 1709 572 1772 Ergo
586 1709 618 1758 ibi
641 1709 719 1759 iocum
736 1706 865 1758 nonhabet

55 1780 185 1832 accusatio,

14 1903 15 1908 χ
85 1857 110 1902 a.
127 1853 256 1912 Praeterea,
267 1849 291 1899 ir
306 1863 372 1900 eausa
389 1850 528 1902 matrimonii
544 1849 666 1901 audiuntur
680 1849 754 1901 sotium
769 1849 863 1914 propin·

14 1941 15 1974 r
55 1924 153 1988 uni,.ut
164 1922 191 1972 in
206 1921 282 1970 littera
296 1921 384 1972 dicitnr
394 1920 447 1984 (tv,
462 1923 544 1978 siut„
560 1922 615 1973 dist.
630 1923 688 1988 41).
703 1923 747 1974 Sed
760 1922 783 1971 in
797 1935 864 1970 accu-

14 2013 15 2016 ’
54 1993 187 2044 sationibus
195 1991 317 2042 audiuntur
328 1992 397 2044 etiam
409 1992 521 2045 extranei.
532 1993 592 2056 Ergo
603 1994 627 2044 in
639 2007 706 2048 causa
716 1991 864 2058 separationis

14 2083 15 2120 t
55 2062 200 2116 matrimonii
217 2075 261 2113 nou
276 2063 350 2124 agitur
362 2076 402 2126 per
415 2063 475 2112 viam
497 2065 657 2117 accusationis.

87 2141 112 2186 3
133 2137 261 2196 Praeterea,
277 2136 299 2184 si
312 2133 482 2185 matrimonium
500 2137 600 2185 accusari
613 2138 722 2198 deberet,
735 2141 865 2197 tuncprae·

56 2205 125 2272 cipue
139 2207 185 2257 hoc
199 2208 260 2256 esset
273 2204 405 2255 iaciendum
414 2206 505 2270 quando
514 2207 591 2257 minda
606 2207 697 2258 diiiicile
711 2205 813 2268 estquod
826 2215 864 2253 aa·

14 2309 16 2346 ,
57 2282 159 2342 paretur.
171 2276 217 2327 Sed
231 2279 275 2327 boc
290 2281 326 2326 cst
344 2277 434 2340 quaudo
446 2281 499 2328 sunt
510 2277 600 2328 tantdm
612 2277 726 2342 sponsalia
740 2278 863 2326 contracta

58 2351 202 2408 donantem
222 2351 279 2398 tnnc
297 2351 416 2398 accusatur
430 2347 609 2399 matrimonium
626 2351 684 2411 Ergo
701 2358 818 2456 nunquam
836 2343 865 2422 de

58 2426 144 2474 cetero
158 2419 227 2470 debet
240 2418 290 2470 beri
306 2419 430 2470 accusatio

14 2493 15 2502 ³
89 2496 114 2542 t.
127 2493 259 2554 Praeterea,
276 2493 304 2542 au
317 2490 469 2540 accusandum
480 2503 526 2541 uon
541 2490 686 2556 praeluditur
699 2489 737 2539 ria
747 2487 815 2539 alicui
826 2500 868 2569 per

61 2566 108 2616 boc
118 2562 184 2626 quod
195 2575 242 2613 non
255 2562 333 2612 statim
344 2564 443 2612 accusat.
457 2561 504 2612 Sed
515 2563 558 2614 boc
574 2563 618 2612 irt'
612 2577 635 2612 ru
647 2560 800 2621 matrimonio,
813 2559 869 2620 auia

59 2636 80 2686 si
95 2633 174 2700 primo
191 2633 262 2684 tacuit
276 2633 367 2696 quando
381 2632 551 2687 matrimonium
567 2633 749 2696 contrahebatur,
763 2645 810 2682 nou
823 2644 867 2694 po-

60 2711 108 2758 test
117 2709 200 2769 postea
216 2704 385 2762 matrimonium
397 2717 518 2766 accusare,
533 2705 600 2768 quasi
609 2709 737 2768 suspectus.
745 2705 868 2765 ungasto.

93 2778 140 2826 Sed
154 2781 247 2838 contra,
264 2789 331 2827 omne
349 2775 452 2825 illicitum
469 2779 543 2840 potest
557 2777 666 2827 accusari.
682 2775 728 2825 Sed
749 2773 869 2822 matrimo-

64 2848 130 2900 nium
150 2846 254 2898 ait'ruiunr
274 2851 297 2898 et
311 2847 532 2912 consanguineorum
550 2851 587 2898 est
599 2846 712 2897 illicitum.
726 2845 785 2908 Ergo
797 2843 825 2892 de
841 2851 869 2890 eo

62 2923 209 2986 potestesse
229 2918 353 2982 accusatio.
