1924 3322
112 90 157 142 tia
250 103 445 152 subruendum,
461 103 554 148 punse.
571 101 669 152 taxari,
683 101 738 140 usu.
754 101 772 140 r.

108 179 165 230 mini
180 193 222 245 pro
240 185 334 245 peceato
350 179 449 231 mortali.
468 179 512 230 Sed
531 181 558 230 de
577 181 648 228 morte
664 178 776 243 spirituali
790 188 909 241 nunquam

108 252 166 302 redit
184 255 251 304 bomo
264 253 372 304 advitam
385 255 438 316 post
453 251 590 302 senteutiam
607 249 761 302 damnationis
777 253 910 314 acceptam.

108 326 167 388 Ergo
180 337 222 376 noo
234 326 261 376 de
272 327 344 375 morte
356 324 467 388 corporali
483 325 510 373 ad
526 321 597 372 uitam
608 323 750 386 corporalem
764 322 807 372 orit
818 334 910 385 regnes

108 409 162 458 sus;
177 401 201 448 et
214 397 247 446 sio
260 396 394 448 resurreetio
407 409 453 446 uou
465 395 515 446 orit.

139 468 184 518 Sed
194 471 270 518 eontra
288 471 340 530 est,
354 469 414 530 quod
431 465 512 517 dieitur
525 466 585 526 lob,
606 466 659 516 Xlll
674 479 680 515 ι
698 481 712 513 ιι
724 466 776 518 Seio
789 465 850 530 qnbd
863 467 910 516 lle·

108 539 210 604 demptos
225 553 290 590 meus
304 539 370 599 uiuit,
381 542 404 590 et
421 538 446 588 iu
462 539 586 590 novissimo
602 537 639 596 die
653 539 680 588 de
692 541 751 590 terra
766 541 911 590 surrecturus

107 623 166 670 sum,
181 614 204 660 et
218 624 306 663 rursum
317 611 472 662 obeundabor
482 609 630 674 pellendas
641 612 686 662 eto.
701 609 761 674 Ergo
771 608 911 660 resurreetio

108 692 226 744 corporum
240 682 291 734 erit.

140 754 265 817 Praeterea,
281 755 364 806 donum
378 753 465 805 curisti
483 757 517 804 est
531 754 606 818 majus
618 757 686 820 quam
701 758 821 818 peecatum
836 755 909 815 lde,

108 827 134 873 ut
155 828 219 888 patet
232 828 310 883 idom..
326 827 354 876 V.
374 827 419 878 Sed
438 839 500 876 mors
513 838 554 889 per
571 829 690 889 peecatum
708 824 835 876 introducta
855 830 909 888 est,

107 894 161 957 quia
174 895 194 946 si
207 899 324 960 peccalum
339 910 384 947 uou
395 897 489 960 luisset,
505 909 564 948 mors
577 897 640 946 nulla
651 900 722 948 esset.
737 896 797 960 Ergo
811 909 854 962 per
865 897 909 947 do·

108 979 163 1016 num
177 968 262 1020 Christi
274 969 288 1019 l
300 973 370 1020 morte
382 970 451 1020 bonno
464 969 605 1033 reparabitur
614 969 642 1020 ad
650 968 729 1020 uitam.

140 1041 260 1105 preterea,
275 1043 375 1093 membra
388 1042 472 1096 debent
484 1055 536 1094 esse
550 1042 621 1106 capiti
630 1041 765 1093 conformia.
778 1041 823 1094 Sed
837 1045 910 1107 caput

69 1115 70 1118 ’
108 1114 210 1164 nostrum
222 1113 327 1176 uiuit‚et
340 1113 365 1164 iu
374 1116 483 1166 aeternnm
498 1113 562 1163 uiuet
572 1113 597 1162 iu
609 1125 702 1177 corpore
716 1113 839 1174 stenima,
855 1114 909 1177 quia

109 1185 234 1236 «cbristus
247 1197 369 1250 resurgens
377 1198 407 1235 ex
421 1184 583 1249 martineium
600 1197 647 1234 uon
663 1183 766 1245 moritur,
781 1201 795 1232 u
809 1188 836 1234 ut
845 1187 910 1248 patet

108 1258 189 1314 Rom„
201 1257 239 1310 ut.
251 1258 310 1322 Ergo
319 1261 342 1308 et
353 1257 457 1308 homines
472 1256 512 1320 qni
530 1260 584 1306 snut
597 1257 648 1321 ejus
661 1257 778 1319 membra,
789 1256 873 1308 uiuent
886 1257 908 1306 iu

107 1343 201 1394 corpore
215 1333 238 1380 et
247 1331 339 1392 anirua;
353 1333 377 1380 et
389 1329 422 1379 sio
433 1332 523 1392 oportet
533 1327 608 1378 earnis
620 1328 813 1380 resurrectionem
826 1342 890 1380 esse.

139 1402 299 1466 (coucuusuu.
320 1400 419 1452 -cum
443 1401 512 1450 homo
529 1413 575 1450 non
593 1400 667 1464 possit
682 1413 732 1458 esso
756 1400 839 1452 boatus
864 1400 910 1451 uisi

107 1473 182 1525 anima
199 1473 287 1538 corpori
300 1485 354 1524 uero
368 1471 476 1535 uniatur,
490 1477 597 1536 tauquam
614 1471 686 1522 lorrua
700 1471 818 1534 maurim,
832 1474 910 1523 lateu-

107 1547 159 1596 duru
175 1549 210 1596 est
224 1545 420 1606 resurrectionem¹
431 1557 482 1594 essa
494 1544 604 1606 suturam,
619 1544 643 1594 iu
658 1556 703 1608 qua
716 1544 792 1594 anima
806 1558 848 1595 sno
860 1558 911 1596 nor-

107 1618 157 1683 pori
170 1618 340 1682 inperpetuum
352 1616 464 1680 unietur.)

138 1689 273 1752 Respondeo
282 1689 413 1750 dicendum,
424 1686 486 1750 qudd
497 1687 622 1738 seeundum
630 1685 732 1737 diuersas
741 1689 872 1742 sententias
881 1689 910 1739 do

108 1760 187 1810 ultimo
205 1761 250 1810 fine
268 1759 367 1810 bominis
381 1757 538 1808 diversificata
557 1761 610 1808 suut
630 1758 751 1808 sententia
771 1763 909 1822 ponentium

106 1833 144 1882 vol
159 1831 290 1894 negantium
305 1830 503 1880 resurrectionem.
525 1830 621 1880 Ultimus
637 1829 698 1880 euim
718 1828 770 1880 finis
791 1833 907 1894 bominis,

47 1917 73 1948 es
106 1916 173 1968 quem
186 1916 266 1953 omues
274 1901 378 1952 homiues
390 1901 520 1951 naturaliter
531 1899 675 1962 desiderant,
687 1905 722 1952 est
730 1901 858 1955 beatitudo.
874 1905 908 1955 dd

106 1988 173 2038 quam
190 1973 281 2037 quidem
294 1971 411 2022 bominem
427 1984 495 2037 posse
509 1972 640 2036 pertingere
650 1972 674 2022 iu
693 1974 737 2022 bae
756 1973 803 2024 vita
814 1976 907 2038 quidam

106 2048 245 2109 posuerunt3
265 2044 326 2093 uude
348 2055 394 2092 uon
413 2045 552 2105 cogebantur
571 2057 656 2108 ponere
677 2043 745 2094 aliam
762 2045 834 2096 vitam
856 2051 907 2112 post

105 2117 182 2179 istam,
193 2117 216 2166 in
225 2127 269 2178 qua
278 2115 347 2164 bomo
357 2126 421 2163 suam
431 2113 534 2163 nltimam
543 2115 708 2178 perlectionem
719 2123 904 2182 consequeretun

105 2194 128 2239 et
150 2189 182 2240 sio
200 2185 386 2238 resurrectionem
406 2186 529 2248 negabant.
550 2185 596 2236 Sed
617 2187 677 2236 haue
696 2186 827 2250 opinionem
849 2190 905 2244 satis

105 2259 252 2324 probabiliter
267 2257 368 2308 excludit
383 2254 482 2308 uarietas
500 2258 607 2321 fortuna,
625 2262 649 2308 et
668 2259 788 2310 iufirmitas
810 2261 904 2312 hnmani

105 2331 220 2396 eorporis,
236 2327 336 2380 solentis
348 2331 371 2378 et
385 2327 477 2378 uirtutis
490 2327 631 2394 imperfectio
644 2334 668 2380 et
681 2330 835 2392 instabilitas,
850 2332 904 2396 qui·

105 2403 147 2453 bus
161 2400 265 2452 omuibus
278 2400 426 2451 beatitudiuis
440 2401 549 2464 perfectio
564 2401 704 2464 impeditur,
720 2403 746 2450 ul
766 2405 905 2466 augustiuus

104 2472 250 2537 prosequitur
269 2472 293 2522 in
314 2472 579 2522 inobservatum.
600 2473 628 2522 Et
650 2472 701 2524 ideo
721 2471 760 2522 alii
779 2476 904 2537 posuemut

104 2544 172 2594 aliam
188 2544 258 2595 uitaru
271 2557 322 2594 esse
336 2549 388 2608 post
406 2545 479 2606 bane,
495 2543 517 2593 lu
536 2557 580 2607 qua
594 2545 662 2595 borno
677 2544 766 2597 tantbm
778 2547 901 2598 secuudbm
942 2547 943 2608 l

104 2616 201 2666 animaru
216 2617 308 2668 virebat
319 2621 372 2681 post
390 2621 502 2679 mortem3
518 2620 541 2666 et
555 2617 614 2668 hano
626 2617 695 2667 uitam
709 2619 825 2682 ponebant
842 2618 903 2670 suld-
942 2619 943 2680 i

105 2701 156 2738 cere
169 2688 196 2738 ad
208 2689 310 2740 naturale
327 2688 462 2740 desiderium
474 2687 612 2752 implendum
626 2690 654 2740 de
670 2689 811 2740 beatitudine
825 2704 903 2742 eonse-

104 2760 202 2822 uneuda.
217 2761 281 2811 Unde
297 2759 437 2825 Porphyrius
449 2758 537 2808 dioobal
544 2796 553 2822 ,
568 2763 594 2810 ut
608 2760 748 2824 Augustinus
759 2761 813 2812 dieil
827 2763 851 2812 iu
862 2762 899 2812 ub.
942 2783 943 2820 ι

104 2831 141 2884 oe
156 2832 235 2885 cavat.
254 2830 672 2900 mttuiu.xxt1‚oap.ao):unt
690 2833 755 2886 uero
769 2834 800 2886 sn
811 2835 900 2898 autur,
942 2823 943 2902 l
