<?xml version="1.0" encoding="UTF-8"?>
<!DOCTYPE html PUBLIC "-//W3C//DTD XHTML 1.0 Transitional//EN"
    "http://www.w3.org/TR/xhtml1/DTD/xhtml1-transitional.dtd">
<html xmlns="http://www.w3.org/1999/xhtml" xml:lang="en" lang="en">
 <head>
  <title>
</title>
<meta http-equiv="Content-Type" content="text/html;charset=utf-8" />
  <meta name='ocr-system' content='tesseract 3.04.00' />
  <meta name='ocr-capabilities' content='ocr_page ocr_carea ocr_par ocr_line ocrx_word'/>
</head>
<body>
  <div class='ocr_page' id='page_1' title='image "./summatheologica06nicogoog_0062.png"; bbox 0 0 1980 3320; ppageno 0'>
   <div class='ocr_carea' id='block_1_1' title="bbox 152 203 810 267">
    <p class='ocr_par' dir='ltr' id='par_1_1' title="bbox 152 203 810 267">
     <span class='ocr_line' id='line_1_1' title="bbox 152 203 810 267; baseline 0.002 -18"><span class='ocrx_word' id='word_1_1' title='bbox 152 203 182 250; x_wconf 76' lang='lat'><strong>58</strong></span> <span class='ocrx_word' id='word_1_2' title='bbox 288 211 490 267; x_wconf 71' lang='lat' dir='ltr'><strong>suentensem,</strong></span> <span class='ocrx_word' id='word_1_3' title='bbox 506 211 597 259; x_wconf 68' lang='lat' dir='ltr'><strong>QUAES&#39;I&#39;.</strong></span> <span class='ocrx_word' id='word_1_4' title='bbox 615 211 703 264; x_wconf 78' lang='lat' dir='ltr'><strong>xnvmt,</strong></span> <span class='ocrx_word' id='word_1_5' title='bbox 720 211 775 253; x_wconf 74' lang='lat' dir='ltr'><strong>aar.</strong></span> <span class='ocrx_word' id='word_1_6' title='bbox 793 213 810 251; x_wconf 93' lang='lat' dir='ltr'><strong>I.</strong></span> 
     </span>
    </p>
   </div>
   <div class='ocr_carea' id='block_1_2' title="bbox 393 397 711 472">
    <p class='ocr_par' dir='ltr' id='par_1_2' title="bbox 393 397 711 472">
     <span class='ocr_line' id='line_1_2' title="bbox 393 397 711 472; baseline -0.019 0"><span class='ocrx_word' id='word_1_7' title='bbox 393 397 557 472; x_wconf 78' lang='lat' dir='ltr'><strong>ddm&#39;tdlo</strong></span> <span class='ocrx_word' id='word_1_8' title='bbox 575 401 711 467; x_wconf 83' lang='lat' dir='ltr'>XLVIII.</span> 
     </span>
    </p>
   </div>
   <div class='ocr_carea' id='block_1_3' title="bbox 138 543 871 603">
    <p class='ocr_par' dir='ltr' id='par_1_3' title="bbox 138 543 871 603">
     <span class='ocr_line' id='line_1_3' title="bbox 138 543 871 603; baseline -0.001 -9"><span class='ocrx_word' id='word_1_9' title='bbox 138 588 141 594; x_wconf 94' lang='grc'><em>,</em></span> <span class='ocrx_word' id='word_1_10' title='bbox 226 545 260 590; x_wconf 83' lang='lat' dir='ltr'><strong>De</strong></span> <span class='ocrx_word' id='word_1_11' title='bbox 271 543 358 603; x_wconf 76' lang='lat' dir='ltr'><strong>objecto</strong></span> <span class='ocrx_word' id='word_1_12' title='bbox 372 546 515 594; x_wconf 66' lang='lat' dir='ltr'><strong>consentes,</strong></span> <span class='ocrx_word' id='word_1_13' title='bbox 528 544 557 590; x_wconf 78' lang='lat' dir='ltr'><strong>in</strong></span> <span class='ocrx_word' id='word_1_14' title='bbox 570 544 631 590; x_wconf 79' lang='lat' dir='ltr'><strong>dnos</strong></span> <span class='ocrx_word' id='word_1_15' title='bbox 644 544 763 591; x_wconf 79' lang='lat' dir='ltr'><strong>articulos</strong></span> <span class='ocrx_word' id='word_1_16' title='bbox 778 544 871 594; x_wconf 78' lang='lat' dir='ltr'><strong>disten.</strong></span> 
     </span>
    </p>
   </div>
   <div class='ocr_carea' id='block_1_4' title="bbox 155 693 972 1034">
    <p class='ocr_par' dir='ltr' id='par_1_4' title="bbox 186 693 827 758">
     <span class='ocr_line' id='line_1_4' title="bbox 186 693 827 758; baseline -0.002 -13"><span class='ocrx_word' id='word_1_17' title='bbox 186 695 271 746; x_wconf 84' lang='lat' dir='ltr'>Deinde</span> <span class='ocrx_word' id='word_1_18' title='bbox 288 693 473 746; x_wconf 85' lang='lat' dir='ltr'><strong>considerandum</strong></span> <span class='ocrx_word' id='word_1_19' title='bbox 491 698 527 745; x_wconf 89' lang='lat' dir='ltr'><strong>est</strong></span> <span class='ocrx_word' id='word_1_20' title='bbox 545 694 573 745; x_wconf 89' lang='lat' dir='ltr'><strong>de</strong></span> <span class='ocrx_word' id='word_1_21' title='bbox 591 693 680 758; x_wconf 84' lang='lat' dir='ltr'><strong>objecto</strong></span> <span class='ocrx_word' id='word_1_22' title='bbox 694 695 827 746; x_wconf 84' lang='lat' dir='ltr'><strong>consemds.</strong></span> 
     </span>
    </p>

    <p class='ocr_par' dir='ltr' id='par_1_5' title="bbox 155 765 972 1034">
     <span class='ocr_line' id='line_1_5' title="bbox 185 765 969 831; baseline 0.005 -15"><span class='ocrx_word' id='word_1_23' title='bbox 185 767 249 818; x_wconf 89' lang='lat' dir='ltr'><strong>Circa</strong></span> <span class='ocrx_word' id='word_1_24' title='bbox 264 769 324 830; x_wconf 83' lang='lat' dir='ltr'><strong>quod</strong></span> <span class='ocrx_word' id='word_1_25' title='bbox 337 771 468 831; x_wconf 80' lang='lat' dir='ltr'><strong>quaeruntur</strong></span> <span class='ocrx_word' id='word_1_26' title='bbox 482 766 527 818; x_wconf 92' lang='lat' dir='ltr'><strong>dno</strong></span> <span class='ocrx_word' id='word_1_27' title='bbox 541 783 548 817; x_wconf 73' lang='grc' dir='ltr'><em>ι</em></span> <span class='ocrx_word' id='word_1_28' title='bbox 563 769 590 816; x_wconf 80' lang='lat'><strong>1⁰</strong></span> <span class='ocrx_word' id='word_1_29' title='bbox 603 765 683 817; x_wconf 88' lang='lat' dir='ltr'><strong>Utrdm</strong></span> <span class='ocrx_word' id='word_1_30' title='bbox 698 780 824 818; x_wconf 85' lang='lat' dir='ltr'><strong>consensus</strong></span> <span class='ocrx_word' id='word_1_31' title='bbox 836 767 880 830; x_wconf 83' lang='lat' dir='ltr'><strong>qni</strong></span> <span class='ocrx_word' id='word_1_32' title='bbox 903 769 969 820; x_wconf 81' lang='lat' dir='ltr'><strong>tacIt</strong></span> 
     </span>
     <span class='ocr_line' id='line_1_6' title="bbox 155 838 968 903; baseline 0.001 -14"><span class='ocrx_word' id='word_1_33' title='bbox 155 840 341 902; x_wconf 92' lang='lat' dir='ltr'><strong>matrimonium,</strong></span> <span class='ocrx_word' id='word_1_34' title='bbox 357 838 387 888; x_wconf 86' lang='lat' dir='ltr'><strong>stt</strong></span> <span class='ocrx_word' id='word_1_35' title='bbox 400 852 526 890; x_wconf 87' lang='lat' dir='ltr'><strong>consensus</strong></span> <span class='ocrx_word' id='word_1_36' title='bbox 540 839 565 890; x_wconf 91' lang='lat' dir='ltr'><strong>in</strong></span> <span class='ocrx_word' id='word_1_37' title='bbox 579 839 691 888; x_wconf 88' lang='lat' dir='ltr'><strong>camalem</strong></span> <span class='ocrx_word' id='word_1_38' title='bbox 704 839 817 903; x_wconf 77' lang='lat' dir='ltr'><strong>copulam.</strong></span> <span class='ocrx_word' id='word_1_39' title='bbox 831 843 856 887; x_wconf 74' lang='lat'><strong>2⁰</strong></span> <span class='ocrx_word' id='word_1_40' title='bbox 873 841 968 891; x_wconf 73' lang='lat' dir='ltr'><strong>Utrum</strong></span> 
     </span>
     <span class='ocr_line' id='line_1_7' title="bbox 156 907 972 974; baseline -0.001 -12"><span class='ocrx_word' id='word_1_41' title='bbox 156 924 282 962; x_wconf 86' lang='lat' dir='ltr'><strong>consensus</strong></span> <span class='ocrx_word' id='word_1_42' title='bbox 296 910 321 960; x_wconf 91' lang='lat' dir='ltr'><strong>iu</strong></span> <span class='ocrx_word' id='word_1_43' title='bbox 335 910 433 974; x_wconf 84' lang='lat' dir='ltr'><strong>aliquam</strong></span> <span class='ocrx_word' id='word_1_44' title='bbox 447 912 541 974; x_wconf 84' lang='lat' dir='ltr'><strong>propter</strong></span> <span class='ocrx_word' id='word_1_45' title='bbox 553 921 645 960; x_wconf 75' lang='lat' dir='ltr'><strong>canmm</strong></span> <span class='ocrx_word' id='word_1_46' title='bbox 657 907 811 974; x_wconf 71' lang='lat' dir='ltr'><strong>Inhonestum,</strong></span> <span class='ocrx_word' id='word_1_47' title='bbox 827 909 903 962; x_wconf 79' lang='lat' dir='ltr'><strong>ramat</strong></span> <span class='ocrx_word' id='word_1_48' title='bbox 916 925 972 961; x_wconf 90' lang='lat' dir='ltr'><strong>ma-</strong></span> 
     </span>
     <span class='ocr_line' id='line_1_8' title="bbox 157 980 574 1034; baseline 0.007 -2"><span class='ocrx_word' id='word_1_49' title='bbox 157 982 299 1034; x_wconf 89' lang='lat' dir='ltr'><strong>trimonium.</strong></span> <span class='ocrx_word' id='word_1_50' title='bbox 571 980 574 985; x_wconf 84' lang='grc'><strong>’</strong></span> 
     </span>
    </p>
   </div>
   <div class='ocr_carea' id='block_1_5' title="bbox 449 1087 644 1140">
    <p class='ocr_par' dir='ltr' id='par_1_6' title="bbox 449 1087 644 1140">
     <span class='ocr_line' id='line_1_9' title="bbox 449 1087 644 1140; baseline -0.005 -1"><span class='ocrx_word' id='word_1_51' title='bbox 449 1087 611 1140; x_wconf 80' lang='lat' dir='ltr'><strong>amrrcddds</strong></span> <span class='ocrx_word' id='word_1_52' title='bbox 626 1089 644 1139; x_wconf 93' lang='lat' dir='ltr'><strong>I.</strong></span> 
     </span>
    </p>
   </div>
   <div class='ocr_carea' id='block_1_6' title="bbox 163 1212 969 1332">
    <p class='ocr_par' dir='ltr' id='par_1_7' title="bbox 163 1212 969 1332">
     <span class='ocr_line' id='line_1_10' title="bbox 163 1212 969 1270; baseline -0.001 -11"><span class='ocrx_word' id='word_1_53' title='bbox 163 1215 248 1260; x_wconf 78' lang='lat' dir='ltr'><strong>vinnm</strong></span> <span class='ocrx_word' id='word_1_54' title='bbox 264 1225 389 1259; x_wconf 83' lang='lat' dir='ltr'><strong>consensus</strong></span> <span class='ocrx_word' id='word_1_55' title='bbox 403 1213 444 1270; x_wconf 76' lang='lat' dir='ltr'><strong>qni</strong></span> <span class='ocrx_word' id='word_1_56' title='bbox 457 1212 519 1267; x_wconf 77' lang='lat' dir='ltr'><strong>sunit</strong></span> <span class='ocrx_word' id='word_1_57' title='bbox 537 1212 725 1268; x_wconf 72' lang='lat' dir='ltr'><strong>matrimonium,</strong></span> <span class='ocrx_word' id='word_1_58' title='bbox 736 1213 767 1258; x_wconf 86' lang='lat' dir='ltr'><strong>stt</strong></span> <span class='ocrx_word' id='word_1_59' title='bbox 784 1223 920 1259; x_wconf 74' lang='lat' dir='ltr'><strong>consensus</strong></span> <span class='ocrx_word' id='word_1_60' title='bbox 940 1215 969 1259; x_wconf 81' lang='lat' dir='ltr'><strong>in</strong></span> 
     </span>
     <span class='ocr_line' id='line_1_11' title="bbox 432 1275 687 1332; baseline 0 -14"><span class='ocrx_word' id='word_1_61' title='bbox 432 1275 555 1320; x_wconf 80' lang='lat' dir='ltr'><strong>carnatem</strong></span> <span class='ocrx_word' id='word_1_62' title='bbox 571 1276 687 1332; x_wconf 80' lang='lat' dir='ltr'><strong>copulam.</strong></span> 
     </span>
    </p>
   </div>
   <div class='ocr_carea' id='block_1_7' title="bbox 160 1400 969 2892">
    <p class='ocr_par' dir='ltr' id='par_1_8' title="bbox 160 1400 969 1894">
     <span class='ocr_line' id='line_1_12' title="bbox 192 1400 968 1466; baseline -0.003 -14"><span class='ocrx_word' id='word_1_63' title='bbox 192 1404 224 1453; x_wconf 75' lang='lat' dir='ltr'><strong>ad</strong></span> <span class='ocrx_word' id='word_1_64' title='bbox 238 1403 336 1466; x_wconf 80' lang='lat' dir='ltr'><strong>primum</strong></span> <span class='ocrx_word' id='word_1_65' title='bbox 350 1404 382 1452; x_wconf 85' lang='lat' dir='ltr'><strong>sic</strong></span> <span class='ocrx_word' id='word_1_66' title='bbox 395 1400 524 1466; x_wconf 76' lang='lat' dir='ltr'><strong>proceditur</strong></span> <span class='ocrx_word' id='word_1_67' title='bbox 534 1400 578 1465; x_wconf 87' lang='lat' dir='ltr'>(I).</span> <span class='ocrx_word' id='word_1_68' title='bbox 593 1401 686 1452; x_wconf 88' lang='lat' dir='ltr'><strong>Videtur</strong></span> <span class='ocrx_word' id='word_1_69' title='bbox 696 1400 756 1466; x_wconf 83' lang='lat' dir='ltr'><strong>qudd</strong></span> <span class='ocrx_word' id='word_1_70' title='bbox 772 1414 905 1455; x_wconf 87' lang='lat' dir='ltr'><strong>cousensus</strong></span> <span class='ocrx_word' id='word_1_71' title='bbox 923 1402 968 1466; x_wconf 85' lang='lat' dir='ltr'><strong>qui</strong></span> 
     </span>
     <span class='ocr_line' id='line_1_13' title="bbox 160 1471 967 1536; baseline -0.005 -11"><span class='ocrx_word' id='word_1_72' title='bbox 160 1475 212 1525; x_wconf 86' lang='lat' dir='ltr'><strong>iacit</strong></span> <span class='ocrx_word' id='word_1_73' title='bbox 231 1472 409 1534; x_wconf 81' lang='lat' dir='ltr'><strong>matrimonium,</strong></span> <span class='ocrx_word' id='word_1_74' title='bbox 421 1471 450 1522; x_wconf 91' lang='lat' dir='ltr'><strong>sit</strong></span> <span class='ocrx_word' id='word_1_75' title='bbox 463 1483 588 1522; x_wconf 85' lang='lat' dir='ltr'><strong>consensus</strong></span> <span class='ocrx_word' id='word_1_76' title='bbox 605 1471 630 1522; x_wconf 91' lang='lat' dir='ltr'><strong>in</strong></span> <span class='ocrx_word' id='word_1_77' title='bbox 642 1474 754 1524; x_wconf 85' lang='lat' dir='ltr'><strong>carnatem</strong></span> <span class='ocrx_word' id='word_1_78' title='bbox 766 1474 880 1536; x_wconf 79' lang='lat' dir='ltr'><strong>copulam.</strong></span> <span class='ocrx_word' id='word_1_79' title='bbox 902 1474 967 1524; x_wconf 85' lang='lat' dir='ltr'><strong>Dicit</strong></span> 
     </span>
     <span class='ocr_line' id='line_1_14' title="bbox 160 1541 968 1607; baseline -0.001 -13"><span class='ocrx_word' id='word_1_80' title='bbox 160 1545 219 1594; x_wconf 85' lang='lat' dir='ltr'><strong>enim</strong></span> <span class='ocrx_word' id='word_1_81' title='bbox 234 1543 395 1606; x_wconf 75' lang='lat' dir='ltr'><strong>Hidronymus,</strong></span> <span class='ocrx_word' id='word_1_82' title='bbox 408 1541 468 1606; x_wconf 85' lang='lat' dir='ltr'><strong>qndd</strong></span> <span class='ocrx_word' id='word_1_83' title='bbox 480 1542 641 1592; x_wconf 68' lang='lat' dir='ltr'><strong>«monentibus</strong></span> <span class='ocrx_word' id='word_1_84' title='bbox 654 1543 818 1607; x_wconf 79' lang='lat' dir='ltr'><strong>virginitatem,</strong></span> <span class='ocrx_word' id='word_1_85' title='bbox 827 1557 872 1595; x_wconf 90' lang='lat' dir='ltr'><strong>uon</strong></span> <span class='ocrx_word' id='word_1_86' title='bbox 886 1545 968 1596; x_wconf 83' lang='lat' dir='ltr'><strong>solium</strong></span> 
     </span>
     <span class='ocr_line' id='line_1_15' title="bbox 161 1612 969 1675; baseline 0 -11"><span class='ocrx_word' id='word_1_87' title='bbox 161 1615 262 1675; x_wconf 74' lang='lat' dir='ltr'><strong>inuisere,</strong></span> <span class='ocrx_word' id='word_1_88' title='bbox 277 1614 317 1664; x_wconf 89' lang='lat' dir='ltr'><strong>sed</strong></span> <span class='ocrx_word' id='word_1_89' title='bbox 337 1612 404 1664; x_wconf 86' lang='lat' dir='ltr'><strong>etiam</strong></span> <span class='ocrx_word' id='word_1_90' title='bbox 425 1613 484 1664; x_wconf 86' lang='lat' dir='ltr'><strong>reite</strong></span> <span class='ocrx_word' id='word_1_91' title='bbox 505 1613 590 1665; x_wconf 83' lang='lat' dir='ltr'><strong>nubere</strong></span> <span class='ocrx_word' id='word_1_92' title='bbox 609 1614 736 1666; x_wconf 84' lang='lat' dir='ltr'><strong>damnabile</strong></span> <span class='ocrx_word' id='word_1_93' title='bbox 752 1619 795 1666; x_wconf 89' lang='lat' dir='ltr'><strong>est.</strong></span> <span class='ocrx_word' id='word_1_94' title='bbox 815 1631 829 1663; x_wconf 87' lang='lat' dir='ltr'><strong>n</strong></span> <span class='ocrx_word' id='word_1_95' title='bbox 852 1615 902 1666; x_wconf 86' lang='lat' dir='ltr'><strong>Sed</strong></span> <span class='ocrx_word' id='word_1_96' title='bbox 919 1629 969 1668; x_wconf 89' lang='lat' dir='ltr'><strong>nou</strong></span> 
     </span>
     <span class='ocr_line' id='line_1_16' title="bbox 161 1684 968 1752; baseline -0.002 -14"><span class='ocrx_word' id='word_1_97' title='bbox 161 1691 221 1741; x_wconf 85' lang='lat' dir='ltr'><strong>esset</strong></span> <span class='ocrx_word' id='word_1_98' title='bbox 237 1685 372 1748; x_wconf 86' lang='lat' dir='ltr'><strong>damnabite,</strong></span> <span class='ocrx_word' id='word_1_99' title='bbox 382 1685 428 1736; x_wconf 90' lang='lat' dir='ltr'><strong>nisi</strong></span> <span class='ocrx_word' id='word_1_100' title='bbox 442 1688 503 1736; x_wconf 87' lang='lat' dir='ltr'><strong>esset</strong></span> <span class='ocrx_word' id='word_1_101' title='bbox 515 1684 640 1748; x_wconf 80' lang='lat' dir='ltr'><strong>uirgtnituti</strong></span> <span class='ocrx_word' id='word_1_102' title='bbox 651 1685 803 1747; x_wconf 87' lang='lat' dir='ltr'><strong>contrarium,</strong></span> <span class='ocrx_word' id='word_1_103' title='bbox 818 1685 855 1736; x_wconf 89' lang='lat' dir='ltr'><strong>cui</strong></span> <span class='ocrx_word' id='word_1_104' title='bbox 871 1687 968 1752; x_wconf 78' lang='lat' dir='ltr'><strong>nuptiae</strong></span> 
     </span>
     <span class='ocr_line' id='line_1_17' title="bbox 161 1756 967 1822; baseline -0.002 -14"><span class='ocrx_word' id='word_1_105' title='bbox 161 1772 206 1809; x_wconf 91' lang='lat' dir='ltr'><strong>non</strong></span> <span class='ocrx_word' id='word_1_106' title='bbox 218 1759 392 1820; x_wconf 73' lang='lat' dir='ltr'><strong>continuantur,</strong></span> <span class='ocrx_word' id='word_1_107' title='bbox 403 1757 448 1806; x_wconf 90' lang='lat' dir='ltr'><strong>nisi</strong></span> <span class='ocrx_word' id='word_1_108' title='bbox 460 1756 546 1807; x_wconf 88' lang='lat' dir='ltr'><strong>ratione</strong></span> <span class='ocrx_word' id='word_1_109' title='bbox 556 1757 651 1806; x_wconf 83' lang='lat' dir='ltr'><strong>camaIIs</strong></span> <span class='ocrx_word' id='word_1_110' title='bbox 659 1757 755 1819; x_wconf 79' lang='lat' dir='ltr'><strong>copulae.</strong></span> <span class='ocrx_word' id='word_1_111' title='bbox 763 1758 822 1822; x_wconf 77' lang='lat' dir='ltr'><strong>Ergo</strong></span> <span class='ocrx_word' id='word_1_112' title='bbox 830 1771 967 1810; x_wconf 83' lang='lat' dir='ltr'><strong>consensus</strong></span> 
     </span>
     <span class='ocr_line' id='line_1_18' title="bbox 161 1827 862 1894; baseline -0.003 -14"><span class='ocrx_word' id='word_1_113' title='bbox 161 1830 284 1882; x_wconf 84' lang='lat' dir='ltr'><strong>uoluntatis</strong></span> <span class='ocrx_word' id='word_1_114' title='bbox 299 1830 338 1893; x_wconf 87' lang='lat' dir='ltr'><strong>qui</strong></span> <span class='ocrx_word' id='word_1_115' title='bbox 351 1834 387 1880; x_wconf 87' lang='lat' dir='ltr'><strong>est</strong></span> <span class='ocrx_word' id='word_1_116' title='bbox 400 1829 424 1878; x_wconf 91' lang='lat' dir='ltr'><strong>iu</strong></span> <span class='ocrx_word' id='word_1_117' title='bbox 435 1828 530 1893; x_wconf 85' lang='lat' dir='ltr'><strong>nuptiis,</strong></span> <span class='ocrx_word' id='word_1_118' title='bbox 541 1833 578 1879; x_wconf 86' lang='lat' dir='ltr'><strong>est</strong></span> <span class='ocrx_word' id='word_1_119' title='bbox 591 1827 738 1880; x_wconf 75' lang='lat' dir='ltr'><strong>incarnatum</strong></span> <span class='ocrx_word' id='word_1_120' title='bbox 750 1830 862 1894; x_wconf 83' lang='lat' dir='ltr'><strong>mortun.</strong></span> 
     </span>
    </p>

    <p class='ocr_par' dir='ltr' id='par_1_9' title="bbox 162 1899 969 2248">
     <span class='ocr_line' id='line_1_19' title="bbox 193 1899 969 1963; baseline 0 -13"><span class='ocrx_word' id='word_1_121' title='bbox 193 1905 217 1950; x_wconf 71' lang='lat'><strong>2.</strong></span> <span class='ocrx_word' id='word_1_122' title='bbox 232 1903 351 1960; x_wconf 78' lang='lat' dir='ltr'><strong>Praeterea,</strong></span> <span class='ocrx_word' id='word_1_123' title='bbox 365 1899 441 1949; x_wconf 77' lang='lat' dir='ltr'><strong>ornata</strong></span> <span class='ocrx_word' id='word_1_124' title='bbox 452 1913 502 1963; x_wconf 86' lang='lat' dir='ltr'><strong>qnae</strong></span> <span class='ocrx_word' id='word_1_125' title='bbox 519 1903 573 1948; x_wconf 89' lang='lat' dir='ltr'><strong>sunt</strong></span> <span class='ocrx_word' id='word_1_126' title='bbox 585 1899 610 1948; x_wconf 93' lang='lat' dir='ltr'><strong>iu</strong></span> <span class='ocrx_word' id='word_1_127' title='bbox 620 1899 761 1951; x_wconf 87' lang='lat' dir='ltr'><strong>matrimonio</strong></span> <span class='ocrx_word' id='word_1_128' title='bbox 775 1901 926 1952; x_wconf 74' lang='lat' dir='ltr'><strong>interstruam</strong></span> <span class='ocrx_word' id='word_1_129' title='bbox 944 1904 969 1952; x_wconf 87' lang='lat' dir='ltr'><strong>et</strong></span> 
     </span>
     <span class='ocr_line' id='line_1_20' title="bbox 162 1969 967 2036; baseline 0.001 -15"><span class='ocrx_word' id='word_1_130' title='bbox 162 1985 266 2034; x_wconf 78' lang='lat' dir='ltr'><strong>uxorem,</strong></span> <span class='ocrx_word' id='word_1_131' title='bbox 281 1973 379 2035; x_wconf 84' lang='lat' dir='ltr'><strong>possunt</strong></span> <span class='ocrx_word' id='word_1_132' title='bbox 392 1982 441 2020; x_wconf 85' lang='lat' dir='ltr'><strong>csse</strong></span> <span class='ocrx_word' id='word_1_133' title='bbox 451 1969 514 2020; x_wconf 87' lang='lat' dir='ltr'><strong>licita</strong></span> <span class='ocrx_word' id='word_1_134' title='bbox 527 1970 586 2020; x_wconf 85' lang='lat' dir='ltr'><strong>iuter</strong></span> <span class='ocrx_word' id='word_1_135' title='bbox 595 1969 687 2020; x_wconf 81' lang='lat' dir='ltr'><strong>tratrem</strong></span> <span class='ocrx_word' id='word_1_136' title='bbox 700 1975 724 2021; x_wconf 87' lang='lat' dir='ltr'><strong>et</strong></span> <span class='ocrx_word' id='word_1_137' title='bbox 739 1985 851 2036; x_wconf 88' lang='lat' dir='ltr'><strong>sororem,</strong></span> <span class='ocrx_word' id='word_1_138' title='bbox 862 1978 967 2036; x_wconf 84' lang='lat' dir='ltr'><strong>excepta</strong></span> 
     </span>
     <span class='ocr_line' id='line_1_21' title="bbox 162 2039 965 2106; baseline -0.002 -13"><span class='ocrx_word' id='word_1_139' title='bbox 162 2043 246 2093; x_wconf 88' lang='lat' dir='ltr'><strong>carnali</strong></span> <span class='ocrx_word' id='word_1_140' title='bbox 258 2043 348 2106; x_wconf 85' lang='lat' dir='ltr'><strong>copula.</strong></span> <span class='ocrx_word' id='word_1_141' title='bbox 363 2042 406 2092; x_wconf 83' lang='lat' dir='ltr'><strong>Sed</strong></span> <span class='ocrx_word' id='word_1_142' title='bbox 422 2053 469 2092; x_wconf 90' lang='lat' dir='ltr'><strong>non</strong></span> <span class='ocrx_word' id='word_1_143' title='bbox 483 2044 559 2104; x_wconf 88' lang='lat' dir='ltr'><strong>potest</strong></span> <span class='ocrx_word' id='word_1_144' title='bbox 569 2039 631 2092; x_wconf 81' lang='lat' dir='ltr'><strong>licIte</strong></span> <span class='ocrx_word' id='word_1_145' title='bbox 646 2042 706 2093; x_wconf 88' lang='lat' dir='ltr'><strong>iuter</strong></span> <span class='ocrx_word' id='word_1_146' title='bbox 719 2053 758 2092; x_wconf 89' lang='lat' dir='ltr'><strong>eos</strong></span> <span class='ocrx_word' id='word_1_147' title='bbox 770 2042 821 2094; x_wconf 87' lang='lat' dir='ltr'><strong>fieri</strong></span> <span class='ocrx_word' id='word_1_148' title='bbox 834 2055 965 2096; x_wconf 83' lang='lat' dir='ltr'><strong>consensus</strong></span> 
     </span>
     <span class='ocr_line' id='line_1_22' title="bbox 164 2111 966 2176; baseline -0.001 -12"><span class='ocrx_word' id='word_1_149' title='bbox 164 2112 343 2164; x_wconf 86' lang='lat' dir='ltr'><strong>matrimonialis.</strong></span> <span class='ocrx_word' id='word_1_150' title='bbox 364 2113 422 2176; x_wconf 83' lang='lat' dir='ltr'><strong>Ergo</strong></span> <span class='ocrx_word' id='word_1_151' title='bbox 441 2125 565 2164; x_wconf 82' lang='lat' dir='ltr'><strong>consensus</strong></span> <span class='ocrx_word' id='word_1_152' title='bbox 586 2111 757 2164; x_wconf 81' lang='lat' dir='ltr'><strong>matrimoniaIIs</strong></span> <span class='ocrx_word' id='word_1_153' title='bbox 777 2118 816 2165; x_wconf 89' lang='lat' dir='ltr'><strong>est</strong></span> <span class='ocrx_word' id='word_1_154' title='bbox 833 2127 966 2167; x_wconf 83' lang='lat' dir='ltr'><strong>consensus</strong></span> 
     </span>
     <span class='ocr_line' id='line_1_23' title="bbox 163 2185 438 2248; baseline -0.025 -11"><span class='ocrx_word' id='word_1_155' title='bbox 163 2187 187 2236; x_wconf 87' lang='lat' dir='ltr'><strong>iu</strong></span> <span class='ocrx_word' id='word_1_156' title='bbox 201 2185 313 2236; x_wconf 86' lang='lat' dir='ltr'><strong>carnalem</strong></span> <span class='ocrx_word' id='word_1_157' title='bbox 325 2185 438 2248; x_wconf 84' lang='lat' dir='ltr'><strong>copulam.</strong></span> 
     </span>
    </p>

    <p class='ocr_par' dir='ltr' id='par_1_10' title="bbox 163 2255 964 2608">
     <span class='ocr_line' id='line_1_24' title="bbox 195 2255 963 2322; baseline 0.001 -15"><span class='ocrx_word' id='word_1_158' title='bbox 195 2262 218 2307; x_wconf 81' lang='lat'><strong>3.</strong></span> <span class='ocrx_word' id='word_1_159' title='bbox 234 2259 357 2319; x_wconf 86' lang='lat' dir='ltr'><strong>Praeterea,</strong></span> <span class='ocrx_word' id='word_1_160' title='bbox 372 2255 391 2307; x_wconf 86' lang='lat' dir='ltr'><strong>si</strong></span> <span class='ocrx_word' id='word_1_161' title='bbox 406 2257 486 2307; x_wconf 87' lang='lat' dir='ltr'><strong>mulier</strong></span> <span class='ocrx_word' id='word_1_162' title='bbox 496 2256 556 2308; x_wconf 83' lang='lat' dir='ltr'><strong>dicat</strong></span> <span class='ocrx_word' id='word_1_163' title='bbox 568 2255 618 2307; x_wconf 88' lang='lat' dir='ltr'><strong>uiro</strong></span> <span class='ocrx_word' id='word_1_164' title='bbox 631 2271 636 2305; x_wconf 81' lang='lat' dir='ltr'><em>z</em></span> <span class='ocrx_word' id='word_1_165' title='bbox 649 2271 664 2304; x_wconf 84' lang='lat' dir='ltr'><strong>u</strong></span> <span class='ocrx_word' id='word_1_166' title='bbox 679 2257 889 2322; x_wconf 77' lang='lat' dir='ltr'><strong>consentiente,</strong></span> <span class='ocrx_word' id='word_1_167' title='bbox 906 2260 963 2310; x_wconf 91' lang='lat' dir='ltr'><strong>dum</strong></span> 
     </span>
     <span class='ocr_line' id='line_1_25' title="bbox 163 2329 964 2391; baseline 0 -11"><span class='ocrx_word' id='word_1_168' title='bbox 163 2333 239 2380; x_wconf 87' lang='lat' dir='ltr'><strong>tamen</strong></span> <span class='ocrx_word' id='word_1_169' title='bbox 255 2342 301 2379; x_wconf 89' lang='lat' dir='ltr'><strong>nou</strong></span> <span class='ocrx_word' id='word_1_170' title='bbox 311 2340 435 2391; x_wconf 78' lang='lat' dir='ltr'><strong>cognoscas</strong></span> <span class='ocrx_word' id='word_1_171' title='bbox 450 2342 496 2391; x_wconf 90' lang='lat' dir='ltr'><strong>me,</strong></span> <span class='ocrx_word' id='word_1_172' title='bbox 505 2344 518 2374; x_wconf 85' lang='lat' dir='ltr'><strong>n</strong></span> <span class='ocrx_word' id='word_1_173' title='bbox 532 2342 579 2380; x_wconf 90' lang='lat' dir='ltr'><strong>non</strong></span> <span class='ocrx_word' id='word_1_174' title='bbox 593 2330 629 2379; x_wconf 86' lang='lat' dir='ltr'><strong>est</strong></span> <span class='ocrx_word' id='word_1_175' title='bbox 639 2341 763 2380; x_wconf 88' lang='lat' dir='ltr'><strong>consensus</strong></span> <span class='ocrx_word' id='word_1_176' title='bbox 777 2329 964 2389; x_wconf 83' lang='lat' dir='ltr'><strong>matrimonialis,</strong></span> 
     </span>
     <span class='ocr_line' id='line_1_26' title="bbox 163 2398 964 2465; baseline -0.001 -15"><span class='ocrx_word' id='word_1_177' title='bbox 163 2401 216 2465; x_wconf 88' lang='lat' dir='ltr'><strong>quia</strong></span> <span class='ocrx_word' id='word_1_178' title='bbox 227 2401 311 2464; x_wconf 88' lang='lat' dir='ltr'><strong>aliquid</strong></span> <span class='ocrx_word' id='word_1_179' title='bbox 324 2404 360 2451; x_wconf 89' lang='lat' dir='ltr'><strong>est</strong></span> <span class='ocrx_word' id='word_1_180' title='bbox 369 2400 400 2450; x_wconf 85' lang='lat' dir='ltr'><strong>mi</strong></span> <span class='ocrx_word' id='word_1_181' title='bbox 411 2403 490 2452; x_wconf 88' lang='lat' dir='ltr'><strong>contra</strong></span> <span class='ocrx_word' id='word_1_182' title='bbox 500 2398 648 2451; x_wconf 81' lang='lat' dir='ltr'><strong>substantiam</strong></span> <span class='ocrx_word' id='word_1_183' title='bbox 659 2399 759 2463; x_wconf 82' lang='lat' dir='ltr'><strong>praedicti</strong></span> <span class='ocrx_word' id='word_1_184' title='bbox 768 2400 905 2452; x_wconf 78' lang='lat' dir='ltr'><strong>cousensus.</strong></span> <span class='ocrx_word' id='word_1_185' title='bbox 918 2401 964 2452; x_wconf 88' lang='lat' dir='ltr'><strong>Sed</strong></span> 
     </span>
     <span class='ocr_line' id='line_1_27' title="bbox 164 2470 963 2537; baseline -0.001 -15"><span class='ocrx_word' id='word_1_186' title='bbox 164 2485 210 2522; x_wconf 89' lang='lat' dir='ltr'><strong>nou</strong></span> <span class='ocrx_word' id='word_1_187' title='bbox 222 2475 296 2534; x_wconf 89' lang='lat' dir='ltr'><strong>esset,</strong></span> <span class='ocrx_word' id='word_1_188' title='bbox 312 2471 358 2522; x_wconf 88' lang='lat' dir='ltr'><strong>uisi</strong></span> <span class='ocrx_word' id='word_1_189' title='bbox 378 2471 451 2523; x_wconf 88' lang='lat' dir='ltr'><strong>dictus</strong></span> <span class='ocrx_word' id='word_1_190' title='bbox 465 2484 589 2522; x_wconf 87' lang='lat' dir='ltr'><strong>consensus</strong></span> <span class='ocrx_word' id='word_1_191' title='bbox 605 2475 667 2524; x_wconf 80' lang='lat' dir='ltr'><strong>esset</strong></span> <span class='ocrx_word' id='word_1_192' title='bbox 679 2470 704 2520; x_wconf 91' lang='lat' dir='ltr'><strong>iu</strong></span> <span class='ocrx_word' id='word_1_193' title='bbox 717 2471 830 2522; x_wconf 87' lang='lat' dir='ltr'><strong>carnalem</strong></span> <span class='ocrx_word' id='word_1_194' title='bbox 847 2475 963 2537; x_wconf 81' lang='lat' dir='ltr'><strong>copulam.</strong></span> 
     </span>
     <span class='ocr_line' id='line_1_28' title="bbox 164 2544 287 2608; baseline 0 -14"><span class='ocrx_word' id='word_1_195' title='bbox 164 2544 230 2608; x_wconf 82' lang='lat' dir='ltr'><strong>Ergo,</strong></span> <span class='ocrx_word' id='word_1_196' title='bbox 243 2547 287 2594; x_wconf 85' lang='lat' dir='ltr'><strong>etc.</strong></span> 
     </span>
    </p>

    <p class='ocr_par' dir='ltr' id='par_1_11' title="bbox 165 2611 962 2892">
     <span class='ocr_line' id='line_1_29' title="bbox 197 2611 962 2680; baseline 0.005 -17"><span class='ocrx_word' id='word_1_197' title='bbox 197 2619 219 2666; x_wconf 81' lang='lat' dir='ltr'><strong>t.</strong></span> <span class='ocrx_word' id='word_1_198' title='bbox 230 2615 352 2679; x_wconf 82' lang='lat' dir='ltr'><strong>Praetema,</strong></span> <span class='ocrx_word' id='word_1_199' title='bbox 361 2615 385 2664; x_wconf 93' lang='lat' dir='ltr'><strong>in</strong></span> <span class='ocrx_word' id='word_1_200' title='bbox 398 2615 499 2680; x_wconf 85' lang='lat' dir='ltr'><strong>qualibet</strong></span> <span class='ocrx_word' id='word_1_201' title='bbox 508 2627 542 2677; x_wconf 88' lang='lat' dir='ltr'><strong>re,</strong></span> <span class='ocrx_word' id='word_1_202' title='bbox 553 2612 645 2664; x_wconf 89' lang='lat' dir='ltr'><strong>initium</strong></span> <span class='ocrx_word' id='word_1_203' title='bbox 658 2611 847 2664; x_wconf 85' lang='lat' dir='ltr'><strong>consummationi</strong></span> <span class='ocrx_word' id='word_1_204' title='bbox 861 2628 962 2680; x_wconf 82' lang='lat' dir='ltr'><strong>respon-</strong></span> 
     </span>
     <span class='ocr_line' id='line_1_30' title="bbox 165 2683 962 2751; baseline -0.003 -13"><span class='ocrx_word' id='word_1_205' title='bbox 165 2687 211 2738; x_wconf 86' lang='lat' dir='ltr'><strong>det.</strong></span> <span class='ocrx_word' id='word_1_206' title='bbox 232 2687 276 2736; x_wconf 87' lang='lat' dir='ltr'><strong>Sed</strong></span> <span class='ocrx_word' id='word_1_207' title='bbox 296 2687 463 2737; x_wconf 88' lang='lat' dir='ltr'><strong>matrimonium</strong></span> <span class='ocrx_word' id='word_1_208' title='bbox 479 2687 648 2736; x_wconf 87' lang='lat' dir='ltr'><strong>consummatur</strong></span> <span class='ocrx_word' id='word_1_209' title='bbox 661 2697 702 2746; x_wconf 83' lang='lat' dir='ltr'><strong>per</strong></span> <span class='ocrx_word' id='word_1_210' title='bbox 715 2683 828 2736; x_wconf 88' lang='lat' dir='ltr'><strong>carnalem</strong></span> <span class='ocrx_word' id='word_1_211' title='bbox 848 2688 962 2751; x_wconf 80' lang='lat' dir='ltr'><strong>copulam</strong></span> 
     </span>
     <span class='ocr_line' id='line_1_31' title="bbox 165 2754 959 2822; baseline 0 -13"><span class='ocrx_word' id='word_1_212' title='bbox 165 2761 237 2822; x_wconf 77' lang='lat' dir='ltr'><strong>Ergo,</strong></span> <span class='ocrx_word' id='word_1_213' title='bbox 254 2758 306 2808; x_wconf 83' lang='lat' dir='ltr'><strong>edm</strong></span> <span class='ocrx_word' id='word_1_214' title='bbox 322 2758 426 2807; x_wconf 89' lang='lat' dir='ltr'><strong>initietur</strong></span> <span class='ocrx_word' id='word_1_215' title='bbox 440 2770 481 2822; x_wconf 86' lang='lat' dir='ltr'><strong>per</strong></span> <span class='ocrx_word' id='word_1_216' title='bbox 491 2768 642 2819; x_wconf 86' lang='lat' dir='ltr'><strong>consensum,</strong></span> <span class='ocrx_word' id='word_1_217' title='bbox 657 2755 748 2808; x_wconf 82' lang='lat' dir='ltr'><strong>uidetur</strong></span> <span class='ocrx_word' id='word_1_218' title='bbox 760 2754 821 2820; x_wconf 82' lang='lat' dir='ltr'><strong>qudd</strong></span> <span class='ocrx_word' id='word_1_219' title='bbox 834 2771 959 2812; x_wconf 85' lang='lat' dir='ltr'><strong>consensus</strong></span> 
     </span>
     <span class='ocr_line' id='line_1_32' title="bbox 166 2829 488 2892; baseline -0.003 -12"><span class='ocrx_word' id='word_1_220' title='bbox 166 2829 195 2880; x_wconf 90' lang='lat' dir='ltr'><strong>sit</strong></span> <span class='ocrx_word' id='word_1_221' title='bbox 209 2830 232 2879; x_wconf 91' lang='lat' dir='ltr'><strong>in</strong></span> <span class='ocrx_word' id='word_1_222' title='bbox 247 2829 359 2878; x_wconf 86' lang='lat' dir='ltr'><strong>carnalem</strong></span> <span class='ocrx_word' id='word_1_223' title='bbox 373 2829 488 2892; x_wconf 85' lang='lat' dir='ltr'><strong>copulam.</strong></span> 
     </span>
    </p>
   </div>
   <div class='ocr_carea' id='block_1_8' title="bbox 200 2935 730 3005">
    <p class='ocr_par' dir='ltr' id='par_1_12' title="bbox 200 2935 730 3005">
     <span class='ocr_line' id='line_1_33' title="bbox 200 2935 730 3005; baseline -0.009 -16"><span class='ocrx_word' id='word_1_224' title='bbox 200 2939 231 3005; x_wconf 77' lang='grc' dir='ltr'><strong>(Ι)</strong></span> <span class='ocrx_word' id='word_1_225' title='bbox 245 2945 280 2989; x_wconf 78' lang='lat' dir='ltr'><strong>Ex</strong></span> <span class='ocrx_word' id='word_1_226' title='bbox 294 2943 337 3002; x_wconf 82' lang='lat' dir='ltr'><strong>IV,</strong></span> <span class='ocrx_word' id='word_1_227' title='bbox 352 2938 430 2990; x_wconf 75' lang='lat' dir='ltr'><strong>Sunt..</strong></span> <span class='ocrx_word' id='word_1_228' title='bbox 441 2938 496 2985; x_wconf 85' lang='lat' dir='ltr'><strong>dist.</strong></span> <span class='ocrx_word' id='word_1_229' title='bbox 507 2935 548 2996; x_wconf 73' lang='lat'><strong>28,</strong></span> <span class='ocrx_word' id='word_1_230' title='bbox 562 2947 602 2995; x_wconf 74' lang='lat' dir='ltr'><strong>qu·</strong></span> <span class='ocrx_word' id='word_1_231' title='bbox 613 2935 637 2998; x_wconf 85' lang='lat'><strong>1,</strong></span> <span class='ocrx_word' id='word_1_232' title='bbox 651 2942 694 2986; x_wconf 80' lang='lat' dir='ltr'><strong>ert.</strong></span> <span class='ocrx_word' id='word_1_233' title='bbox 705 2935 730 2984; x_wconf 75' lang='lat' dir='ltr'><strong>t.</strong></span> 
     </span>
    </p>
   </div>
   <div class='ocr_carea' id='block_1_9' title="bbox 0 0 996 3320">
    <p class='ocr_par' dir='ltr' id='par_1_13' title="bbox 0 0 996 3320">
     <span class='ocr_line' id='line_1_34' title="bbox 0 0 996 3320; baseline 0 0"><span class='ocrx_word' id='word_1_234' title='bbox 0 0 996 3320; x_wconf 95' lang='lat' dir='ltr'><strong> </strong></span> 
     </span>
    </p>
   </div>
  </div>
 </body>
</html>
