2026 3304
152 146 198 196 tto
293 153 498 208 seminaturos,
516 153 611 200 oussn.
626 155 677 208 mv,
693 155 747 195 nnn.
765 154 802 196 ir.

443 339 601 392 ninculus
615 339 653 392 lv,

155 471 241 517 Uirium
263 469 479 526 consanguinitatis
496 449 586 526 pronius
601 468 783 513 matrimonium
802 451 964 525 impedientes

360 533 483 589 potuerint
494 533 576 576 lauari
589 531 619 576 ab
630 530 743 575 Ecclesia.

186 663 220 714 ld
237 667 342 728 quartum
360 662 393 712 sic
407 661 544 727 proceditur.
563 661 658 711 Videtur
673 659 735 723 quod
751 659 963 724 consanguinitatis

155 735 241 798 gradus
253 733 421 784 matrimonium
434 731 585 796 impedientes
596 744 642 781 uon
656 730 771 794 potuerint
786 731 860 781 taiari
871 730 899 780 ab
915 731 963 780 lic·

154 807 225 858 clesia
236 819 309 870 usque
320 807 348 855 arl
362 809 466 868 quartum
481 805 583 868 gradum.
597 802 653 862 Quia
669 803 772 870 linita..
788 803 848 864 illll,
863 800 963 852 dicitur:

157 893 172 926 n
189 879 255 937 Quod
275 879 336 928 Deus
348 876 480 940 coniunxit,
498 878 566 927 homo
580 887 628 926 non
641 877 738 937 separet.
763 873 837 922 »sen
850 872 903 924 illus
922 871 964 936 qui

156 949 328 1012 conjunguntur
341 946 401 998 intra
422 950 528 1010 quartum
547 943 752 1007 consanguinitatis
771 944 884 1006 mlum,
901 943 964 994 Deus

157 1019 295 1084 conjunxit3
309 1031 355 1069 nou
371 1019 441 1068 etiam
455 1017 533 1068 dirint
549 1018 599 1079 lege
613 1027 692 1066 eornm
709 1015 840 1079 conjunctio
854 1013 964 1078 prohibe-

157 1093 204 1140 tur.
218 1091 279 1154 Ergo
292 1103 336 1141 nec
345 1090 429 1140 debent
438 1092 538 1140 humano
549 1091 635 1138 statuto
649 1085 757 1150 separari.

191 1163 215 1210 a.
230 1161 354 1223 Praeteuea,
369 1160 536 1212 matrimonium
554 1162 588 1210 est
603 1159 780 1222 sacramentum,
794 1156 856 1207 sicut
869 1161 894 1207 et
905 1157 967 1221 inp

159 1232 253 1282 tismus.
270 1233 317 1283 Sed
330 1245 377 1284 uon
389 1236 469 1297 posset
482 1244 511 1281 cx
519 1232 605 1280 statuto
620 1227 726 1278 Ecclesiae
738 1226 790 1277 ieri
798 1225 859 1291 qnid
870 1227 909 1278 ille
923 1229 965 1292 qni

160 1306 189 1355 ud
203 1303 343 1368 baptismum
354 1303 458 1364 accedit,
478 1315 526 1352 nou
541 1299 655 1364 acciperet
670 1300 822 1349 characterem
835 1297 967 1362 bsptisma-

161 1375 222 1439 lnm,
234 1376 253 1426 si
267 1389 295 1425 ex
309 1375 360 1439 jure
375 1373 452 1424 diuino
464 1372 517 1436 ejus
529 1381 601 1434 capax
613 1370 651 1420 sit.
666 1369 727 1432 ilrgo
739 1381 782 1419 uec
794 1369 904 1420 Ecclesiae
917 1373 964 1420 sta·

161 1450 236 1498 tutum
252 1446 326 1496 iacere
339 1447 415 1509 potest
424 1442 483 1507 qruod
501 1441 668 1492 matrimonium
682 1453 728 1492 nou
740 1441 769 1490 sit
783 1439 842 1491 inter
858 1439 912 1491 ilios
924 1441 965 1505 qni

161 1529 203 1579 pes
215 1518 254 1580 jus
269 1515 371 1567 divinum
388 1513 585 1564 matrimonialiter
597 1512 705 1576 coniungi
719 1525 765 1562 nou
774 1511 937 1576 prohihentur.

195 1591 218 1638 o.
231 1588 350 1648 preterea,
358 1591 397 1651 jus
403 1586 527 1652 positivum
536 1597 583 1636 nou
592 1588 668 1650 potest
678 1597 705 1636 es
719 1597 771 1648 quae
788 1588 841 1634 suut
850 1585 966 1637 ‘namrslia

162 1671 281 1711 remouere
290 1659 329 1710 rel
337 1659 452 1723 ampliare.
467 1658 511 1710 Sed
529 1656 717 1720 consanguinitas
726 1659 762 1706 est
774 1657 877 1706 naturale
885 1656 968 1708 rincu-

164 1731 220 1794 lum,
232 1732 302 1793 quod,
314 1729 424 1794 ouantium
438 1734 473 1782 est
487 1731 515 1780 de
523 1741 562 1790 sc,
571 1731 651 1778 natum
662 1727 879 1778 est'matrimonium
890 1727 966 1792 impe-

165 1793 222 1852 (sue.
236 1804 296 1864 Ergo
309 1803 410 1853 Ecclesia
419 1814 466 1852 uon
479 1803 557 1864 potest
573 1799 649 1862 aliquo
665 1801 749 1848 statuto
764 1798 840 1848 iacere
851 1798 912 1862 quod
924 1799 969 1850 ali-

164 1871 205 1937 qui
218 1872 306 1936 possint
317 1871 516 1923 matrimonialiter
533 1868 645 1932 conjungi
655 1870 694 1919 rel
705 1880 751 1920 non
768 1869 890 1933 conjungi,
907 1869 969 1927 sicut

164 1955 212 1993 non
224 1947 301 2006 potest
318 1943 392 1994 iacere
405 1943 467 2006 quod
479 1943 525 1992 siut
540 1940 702 2003 consanguinei
718 1939 756 1991 vel
772 1952 818 1990 non
832 1941 969 2004 consangui-

164 2025 214 2064 ner.

199 2085 223 2135 t.
241 2085 367 2148 Praeterea,
382 2086 490 2135 statutum
510 2083 570 2148 juris
583 2081 675 2148 positivi
695 2081 760 2133 debet
782 2081 881 2146 aliquam
897 2083 968 2135 ratio·

165 2155 265 2208 nabilem
280 2169 371 2206 causam
387 2155 479 2217 habere,
493 2155 545 2219 quia
557 2153 683 2206 secundnm
698 2167 790 2206 causam
809 2154 967 2206 rationabilem

165 2242 235 2294 quarn
252 2228 336 2292 habet,
357 2227 433 2293 ajune
444 2227 540 2278 naturali
556 2226 666 2292 procedit.
683 2225 731 2276 sel
746 2239 821 2278 eausa
838 2239 892 2289 que
909 2227 967 2277 assi·

165 2305 264 2362 guantur
275 2301 303 2352 de
316 2313 410 2352 numero
426 2301 551 2365 graduum,
567 2298 660 2350 omuino
670 2299 776 2350 uidentur
784 2297 966 2363 irrationabiles,

167 2371 218 2422 cium
228 2373 314 2424 nullam
327 2373 426 2422 habunt
438 2371 594 2422 habitudinem
606 2372 634 2421 ad
649 2373 757 2430 causatus
770 2369 828 2421 sieut
838 2369 898 2434 quod
913 2383 968 2421 cou-

167 2443 310 2506 sanguiuitus
327 2443 474 2507 prohihentur
493 2443 609 2506 usquead
628 2445 732 2506 quartum
749 2442 857 2505 graium,
875 2443 968 2506 propter

168 2517 264 2577 quatuor
274 2513 400 2577 elementa;
409 2528 481 2580 usque
491 2515 519 2565 ed
530 2518 628 2576 sextum,
639 2515 731 2578 propter
741 2525 782 2562 seu
792 2515 870 2562 etates
879 2511 967 2572 mundi;
995 2535 996 2544 κ

167 2595 240 2648 usque
267 2585 294 2635 ari
315 2587 453 2651 septimum,
470 2591 564 2652 propter
583 2588 670 2649 septem
694 2584 758 2646 diss,
779 2583 860 2648 quilius
878 2586 970 2646 tempus
995 2605 996 2612 κ

167 2667 235 2708 omne
250 2656 332 2718 agitur.
344 2659 402 2722 Ergo
413 2657 504 2709 uidetur
521 2656 581 2720 quod
600 2655 652 2706 talis
669 2654 791 2720 prohibitio
805 2653 892 2704 nullum
902 2654 968 2718 rigo·

165 2740 215 2780 sem
232 2728 326 2778 habeat.

199 2803 222 2849 t.
235 2801 355 2862 Preterea,
366 2801 406 2852 ubi
414 2804 450 2854 est
460 2799 540 2850 eadem
549 2810 618 2850 causa
629 2835 636 2860 ,
647 2799 713 2850 debet
723 2810 775 2850 esse
789 2795 850 2849 idem
863 2796 965 2848 eticctus.

165 2871 213 2924 sed
234 2883 304 2923 causa
324 2885 395 2937 qnare
413 2870 596 2936 consanguinitas
617 2870 714 2936 impedit
734 2868 915 2934 matrimonium,
932 2872 968 2922 est
