2026 3304
189 181 220 222 ua
236 169 398 224 ismursmco
413 183 578 226 cuamrronrs
595 183 750 224 srrnrsuasrs.
823 173 868 222 itt

67 269 115 310 rann
134 271 204 324 qnam
224 259 346 310 carnaliter
362 259 485 324 manarit,
498 260 518 310 si
531 259 582 324 quis
598 273 640 324 per
659 260 774 325 proprium
793 264 868 310 antara

67 332 161 383 alterins
170 330 240 380 tilium
251 333 279 381 de
292 343 359 384 sacro
368 329 430 384 toan
443 331 522 391 terat.)

98 403 238 467 Respondeo
246 402 374 464 dicendam,
382 401 443 466 quid
457 402 540 466 aliquis
553 405 628 466 potest
641 402 690 452 fleri
702 400 799 466 aienius
810 414 871 450 cnm·

66 479 131 540 pater
142 472 272 537 dupliciter.
287 475 338 526 Uno
355 474 437 536 modo,
452 487 493 538 per
506 479 580 524 actum
595 474 689 524 anesius
702 473 742 537 qui
760 473 869 536 baptizat,

66 547 104 595 rel
119 545 143 594 iu
158 546 210 610 ipso
223 545 336 608 baptismo
348 545 444 608 suscipit
456 545 528 596 filiurn
539 545 607 608 ejus3
623 548 647 596 at
658 545 692 596 sic
705 544 869 608 ecpnuinspi·

66 617 157 667 rituaiis
168 629 215 667 nou
236 617 317 667 transit
331 616 345 666 i
358 615 406 668 niro
420 617 559 676 iactarem,
575 616 620 668 nisi
639 615 697 668 insti
712 616 750 666 itia
766 615 796 666 sit
812 615 872 666 fliius

66 688 157 749 uxone,
171 688 224 752 quia
233 692 287 738 tnnc
296 687 379 740 directe
389 699 447 740 naor
458 689 572 740 contrahit
585 689 743 752 cognationem
761 687 870 751 spiritua·

66 759 113 810 iem
123 797 131 820 ‚
143 759 204 810 siem
216 764 240 810 et
249 760 293 810 uir.
309 759 358 812 ilio
371 761 451 820 modu,
465 765 592 823 peractum
607 760 732 824 proprium,
747 761 807 810 sicut
818 758 871 810 eina

68 831 132 882 ierat
145 830 217 880 tilium
231 830 324 882 atterius
342 831 369 882 dc
379 831 530 894 sacrofonte3
545 834 569 882 et
582 831 616 881 sic
626 829 732 894 coguatio
746 829 873 893 spiritualis

69 902 151 953 transit
164 902 193 952 ad
207 915 300 953 uxorem
313 903 441 968 qusniam
450 903 571 957 carnaliter
588 902 711 966 cognorit,
728 916 774 954 uon
793 906 870 954 autem

69 975 89 1025 si
111 974 215 1025 nondum
237 976 266 1024 sit
288 975 455 1026 matrimonium
477 975 748 1038 consummatumque
771 975 871 1026 noudum

68 1045 151 1098 effecti
161 1049 216 1096 annt
229 1058 274 1095 una
282 1058 350 1104 caro;
365 1049 388 1096 et
399 1047 442 1098 hcc
454 1051 491 1098 est
504 1047 647 1110 posmodum
660 1045 777 1109 cujusdam
797 1045 874 1096 affini-

68 1117 135 1168 tatis.
160 1111 223 1167 Unde
238 1116 307 1166 eiiam
323 1118 371 1182 pari
392 1118 480 1170 ratione
496 1119 586 1168 ridetur
600 1117 695 1168 transis
711 1119 739 1168 ad
755 1116 873 1167 mulierem

69 1201 124 1252 qnae
139 1191 175 1238 est
189 1187 309 1238 carnaliter
324 1187 427 1252 cognita,
442 1187 546 1252 quamuis
560 1201 604 1239 non
619 1188 649 1238 sit
663 1200 734 1251 uxor3
751 1188 810 1238 unde
820 1199 874 1238 rcr-

72 1273 131 1310 sus:

13 1341 14 1386 i
181 1341 246 1386 «Qus
254 1340 301 1378 miiri
310 1340 339 1378 rai
348 1340 477 1390 cuiusnam
487 1337 677 1385 murmuret-rnen,

13 1399 14 1450 J
176 1397 222 1436 nnc
231 1410 274 1445 mes
283 1405 395 1448 commiss.
405 1399 447 1438 tisri
458 1409 504 1436 maa
511 1410 549 1436 non
559 1399 610 1436 rates
618 1409 672 1436 usar.

13 1455 15 1516 i
177 1456 198 1494 Si
207 1467 245 1504 qua
255 1469 303 1493 urea
313 1463 387 1504 natum,
397 1470 435 1494 non
445 1469 468 1494 cx
477 1469 516 1503 uns,
526 1456 579 1494 {unta
588 1455 663 1501 lanarii,

171 1509 233 1560 nane,
243 1521 284 1564 port
292 1513 333 1552 tre·
342 1521 398 1560 mean,
410 1525 448 1552 non
458 1509 504 1551 inde
514 1511 595 1550 vetabor
602 1510 680 1551 habere.

103 1624 136 1672 art
146 1620 245 1686 primum
255 1633 308 1683 ergo
323 1621 454 1681 dicandum,
464 1619 562 1684 peones
576 1620 619 1668 troc
633 1616 694 1680 quor
704 1620 759 1666 suut
771 1617 880 1667 diverso-

14 1683 16 1758 ᾗ
75 1708 127 1744 runa
149 1703 262 1758 generum
282 1692 475 1755 uniocorpuralis
487 1695 511 1746 ct
524 1688 664 1754 spirituaiis,
677 1691 755 1752 praest
773 1685 877 1737 conandi

75 1763 137 1827 meod
148 1777 197 1817 nna
206 1777 252 1816 nun
263 1767 299 1815 ast
317 1764 398 1827 altem,
406 1775 452 1813 nou
468 1766 544 1812 antem
552 1759 613 1824 quit
624 1771 672 1809 uua
684 1770 731 1810 nou
745 1757 879 1822 posa‘tesse

74 1847 146 1886 cansa
160 1835 268 1896 atterius,
280 1835 333 1898 quia
347 1847 426 1886 corum
442 1843 494 1898 qua
513 1830 605 1882 santis
625 1829 723 1882 tironis
742 1829 878 1893 acumina,

16 1901 17 1906 ’
76 1921 146 1958 uuum
158 1907 296 1972 quanteque
306 1911 342 1958 est
355 1919 423 1957 causa
438 1905 547 1966 nimrim,
561 1902 598 1954 nai
610 1915 651 1966 per
661 1915 686 1954 sc
699 1902 738 1954 ret
747 1913 789 1966 per
806 1901 880 1952 accci-

77 1978 143 2030 dens.
361 2029 363 2035 p
556 2013 557 2018 ,

17 2017 19 2078 ι’
109 2053 142 2102 Aci
164 2051 290 2102 secuntum
304 2049 442 2110 moenium,
457 2047 517 2112 quud
537 2052 603 2112 pater
621 2046 745 2110 spiritantia
765 2049 790 2096 at
808 2047 881 2096 mater

76 2121 204 2185 spiritualis
221 2121 324 2186 ejusdem
346 2134 392 2174 non
405 2120 577 2184 conjungantur
597 2118 622 2168 in
640 2117 788 2180 generations
810 2114 880 2178 spiri*

78 2187 147 2254 iusti,
158 2190 206 2240 nisi
216 2203 256 2256 per
269 2190 375 2244 accidens
383 2227 391 2254 ‚
400 2189 455 2254 quia
469 2188 499 2240 sd
516 2189 562 2240 hoc
582 2199 642 2239 unua
655 2199 696 2250 pur
709 2199 735 2237 ss
756 2184 879 2236 snitiesset.

20 2259 22 2329 i
81 2263 146 2314 Unde
160 2274 207 2312 non
219 2265 310 2326 oportet
321 2262 382 2327 quid
391 2262 472 2314 cahos
481 2260 557 2324 unqua
567 2259 676 2324 cognatio
692 2255 883 2322 spirituaiisintnn

20 2349 21 2362 ¹
81 2347 121 2384 ecs
134 2336 251 2396 nascatur,
265 2333 320 2396 quin
332 2333 405 2399 possit
426 2345 477 2384 esse
494 2332 556 2383 inter
570 2343 612 2382 eos
625 2327 808 2391 matrimonium
823 2327 883 2378 uarie

80 2418 182 2460 aerius:
503 2411 508 2423 '

184 2511 252 2550 «Unus
259 2523 334 2562 semper
342 2511 379 2550 suit
387 2517 509 2560 compatrum
518 2510 633 2560 spiritualis¹

176 2570 326 2609 murmontis
337 2569 379 2608 non
388 2569 438 2608 cattia
447 2569 513 2617 aput·
528 2567 596 2605 artis..

81 2679 126 2729 Seri
140 2691 182 2742 per
193 2673 359 2727 matrimonium
370 2675 395 2726 tit
404 2674 438 2726 nir
445 2678 469 2726 et
479 2686 537 2724 uxor
549 2685 594 2726 nna
605 2685 666 2735 caro,
677 2684 718 2736 per
727 2682 753 2722 sa
763 2669 885 2734 loquendo.

86 2749 114 2800 Et
124 2749 178 2800 ideo
191 2760 237 2798 uon
247 2751 282 2798 eat
295 2745 376 2798 simile.

117 2820 151 2872 nrt
165 2818 257 2870 tertium
272 2817 408 2881 dicendum,
423 2815 483 2882 quod
498 2815 519 2866 si
531 2827 587 2865 uxor
601 2825 646 2863 non
661 2811 691 2864 sit
701 2810 825 2874 baptizata,
841 2821 887 2856 non

86 2891 204 2954 perveniet
218 2890 245 2942 at
261 2903 310 2942 cana
324 2889 449 2955 spiritualis
468 2885 584 2952 cognatio,
602 2885 695 2948 proptor
709 2883 752 2932 truc
766 2879 826 2943 quod
841 2889 887 2926 uun
