1970 3326
249 231 281 268 nre
296 230 368 268 ronta
382 229 534 272 assatuortrr.
763 227 792 272 dd

28 316 83 366 uara,
98 310 286 359 rememoratum
305 309 381 358 autem
398 307 522 360 secundnm
535 308 596 374 qudo
612 312 648 362 εει
661 323 690 360 ει
702 309 793 362 iustitu-

27 374 65 425 lorc
74 376 151 428 lirina.
169 380 230 442 Ergo
245 385 434 432 sacromentum
451 385 487 430 εει
498 379 665 446 principalius,
680 382 704 432 in
718 381 804 432 matri-1

27 447 90 509 maio,
108 449 174 514 putu
195 451 243 502 alia
258 451 313 503 duo.

44 521 180 582 ltorccusro.
190 550 225 562 -
234 523 387 588 Principalius
399 524 485 576 bonum
493 525 639 589 matrimonii,
648 525 681 576 uti
695 525 794 590 dignius,

26 591 74 653 ipsam
85 599 271 648 sacromentum
288 599 332 658 est3
348 595 431 661 proles
444 595 514 658 rerd,
529 597 553 648 id
567 601 618 658 est,
632 598 704 662 prolis
718 598 796 649 inteu-

26 663 57 724 ιε,
69 667 158 720 maxime
171 667 305 720 essentialis
319 666 344 717 iu
358 667 409 732 ipso
422 671 470 731 est,
481 681 549 732 quam
568 669 668 732 sequitur
682 669 760 733 fides,
772 669 795 719 id

26 737 146 792 adtentum
155 740 280 792 servandac
290 738 352 801 fidei,
366 739 446 790 deinde
460 739 562 804 sequitur
575 739 793 804 reuomentem.)

43 807 157 873 Respondso
182 811 320 874 dicendum,
336 809 397 874 qudd
418 810 504 874 aliquid
524 810 606 862 dicitur
626 810 650 861 in
674 825 698 862 re
720 811 797 874 aliqua

26 876 139 942 pincipalius
154 882 228 932 altero
244 880 332 931 duobus
351 879 423 932 modis
437 896 443 930 :
459 883 498 932 ant
514 881 568 944 quia
586 884 622 932 est
635 879 796 943 essentialius,

26 950 99 1012 rutqnia
110 951 211 1016 dignius.
227 951 254 1002 Si
272 950 327 1014 quia
340 951 450 1014 dignius,
469 951 502 1002 sic
515 952 620 1004 omuibus
633 951 706 1003 modis
721 965 796 1002 sacra-

27 1025 98 1072 reuton
114 1027 149 1074 εει
160 1023 316 1088 principalius
332 1022 392 1076 inter
408 1023 452 1074 tria
470 1022 572 1088 conjugii
587 1024 664 1084 bona,
679 1023 732 1088 quia
746 1038 798 1088 per·

27 1095 61 1141 ἐει
70 1094 94 1143 ει
109 1095 280 1148 matrimonium
294 1094 319 1144 in
336 1099 446 1158 quantum
468 1099 503 1146 est
519 1099 686 1146 sacramentum
703 1095 797 1158 gratim

27 1161 110 1214 rirrerd
127 1165 171 1216 dno
186 1164 307 1228 pertinent
322 1166 350 1215 ad
368 1165 443 1230 ipsum
464 1167 489 1216 in
503 1168 613 1229 quantum
631 1169 666 1217 est
685 1165 798 1229 quoldum

28 1237 85 1286 uiue
92 1236 204 1299 officium3
217 1235 329 1300 perlectio
339 1239 416 1288 autem
427 1237 507 1300 gratie
516 1240 552 1288 est
559 1236 648 1300 dignior
657 1237 798 1300 perfectione

28 1307 221 1359 claromarisco
240 1306 326 1358 dicatur
348 1307 496 1373 principalius
512 1305 566 1372 quis
584 1305 749 1370 essentialius,
764 1307 799 1360 sic

29 1375 179 1441 distinguendam
188 1385 236 1443 εει,
248 1379 302 1444 qnia
311 1379 375 1443 fides
383 1382 405 1430 ει
414 1380 499 1444 proles
509 1382 604 1444 possunt
613 1377 735 1442 dupliciter
744 1391 798 1430 eon-

29 1447 93 1498 silerari
106 1452 172 1503 :tino
186 1451 257 1503 modo
266 1449 292 1500 in
306 1451 404 1516 seipsis3
415 1454 440 1504 et
454 1450 486 1502 sio
496 1450 612 1516 pertinent
625 1449 653 1500 ad
666 1463 734 1500 asum
750 1462 799 1500 ma-

30 1517 108 1584 licorii,
121 1537 162 1588 per
176 1537 248 1588 quem
261 1526 284 1574 et
297 1522 373 1588 proles
385 1523 532 1588 producitur,
543 1526 567 1574 ει
580 1520 654 1586 pactio
669 1521 797 1584 conjugalis

31 1598 108 1646 suatur.
129 1597 174 1648 Sed
194 1594 379 1658 indivisibilitas,
397 1607 465 1659 quam
484 1597 649 1646 sacramentum
673 1591 798 1657 importat,

31 1664 98 1720 uniret
114 1669 141 1720 ad
163 1667 242 1732 ipsum
256 1666 422 1718 matrimonium
442 1665 566 1718 secundum
585 1678 623 1728 se,
640 1663 694 1728 quia
711 1676 740 1714 er
757 1666 800 1715 tros

31 1732 60 1794 ilit
70 1739 123 1800 codd
136 1753 178 1804 per
192 1739 323 1806 pactionem
334 1739 477 1803 conjugalem
495 1737 531 1790 sul
550 1739 684 1801 potestatem
698 1735 742 1786 sibi
761 1737 798 1785 in-

31 1807 79 1860 t‘ileu
95 1811 118 1861 iu
136 1813 275 1876 perpetuum
287 1809 398 1874 conjuges
411 1810 520 1872 tradunt,
536 1807 638 1873 sequitur
653 1806 715 1870 qndd
730 1820 797 1872 sepa-

32 1879 58 1927 ιιι
69 1894 107 1934 nou
121 1885 235 1948 possunt,
251 1886 274 1934 et
289 1882 343 1934 inde
360 1885 397 1934 est
415 1881 475 1946 quod
495 1879 664 1930 matrimonium
681 1893 797 1944 rrunquam

32 1946 116 2003 urenitur
130 1956 180 2007 sine
194 1953 406 2018 inseparabilitate,
420 1951 537 2004 iuvenitur
551 1954 626 2002 autem
645 1951 694 2002 sine
710 1951 762 2015 pide
778 1956 801 2004 ει

32 2022 90 2081 troie,
98 2026 148 2089 quia
161 2041 215 2076 esse
231 2024 264 2076 rei
276 2037 324 2076 non
337 2025 449 2090 dependet
460 2025 488 2074 ab
501 2038 544 2074 usu
555 2036 597 2074 suo
613 2038 619 2072 :
635 2027 659 2072 ει
671 2023 796 2074 monadum

33 2089 58 2140 loo
72 2100 253 2148 nocumentum
271 2099 306 2148 est
319 2097 463 2149 essentialius
482 2094 625 2146 matrimonio
647 2095 714 2158 quim
734 2095 799 2158 fides

33 2165 45 2208 sl
54 2167 129 2225 proter.
143 2170 196 2222 rtlio
210 2168 277 2219 modo
291 2171 387 2231 possunt
397 2167 537 2219 considerari
546 2167 609 2232 fides
626 2169 650 2216 et
659 2165 750 2230 proles,
762 2179 802 2216 se-

34 2235 102 2306 uudim
115 2240 175 2304 quod
191 2243 246 2290 sunt
256 2239 281 2289 in
294 2237 342 2289 suis
356 2237 487 2302 principiis,
498 2240 523 2288 ut
536 2251 577 2302 pro
591 2235 661 2302 prole
678 2235 802 2300 accipiatur

34 2309 103 2359 rutenio
117 2312 201 2375 prolis,
213 2314 238 2362 et
254 2323 296 2376 pro
310 2311 353 2361 lide
368 2310 469 2361 debitum
484 2307 591 2360 seruandi
601 2307 678 2371 liden;
688 2306 736 2358 sino
746 2307 800 2370 qni·

35 2372 125 2432 bustiam
141 2382 311 2434 matrimonium
325 2393 376 2434 esse
389 2394 434 2432 non
452 2383 540 2445 potest,
554 2379 607 2444 quia
621 2380 671 2428 isaee
683 2377 708 2428 in
720 2378 803 2428 matri-

35 2451 87 2502 uouio
99 2467 125 2505 er
137 2455 188 2521 ipsa
202 2454 309 2519 pactione
327 2453 443 2517 conjugali
455 2454 587 2514 causantur,
602 2449 634 2500 ita
647 2449 707 2512 quod
725 2449 746 2501 si
759 2449 803 2500 ali·

36 2521 71 2579 tuil
81 2527 213 2578 contrarium
227 2525 264 2576 his
275 2524 440 2589 exprimeretur
452 2522 477 2574 in
490 2534 603 2574 consensu
624 2522 664 2584 qni
682 2521 804 2572 matrimo-

37 2589 76 2642 riuu
89 2595 153 2661 lacit,
163 2612 212 2650 non
225 2601 288 2650 esset
300 2610 380 2646 rernm
391 2593 570 2645 matrimonium.
586 2593 615 2642 as
626 2591 659 2642 sie
673 2591 804 2656 accipiendo

37 2659 90 2716 lum
99 2672 120 2719 ει
129 2669 247 2732 protem,
257 2668 342 2734 proles
351 2671 386 2718 εει
397 2664 609 2718 essentialissimum
619 2663 642 2712 in
652 2663 805 2726 matrimonio,

39 2735 155 2805 dicundo,
169 2741 244 2806 fides,
259 2743 283 2791 ct
300 2737 381 2801 tertid,
396 2739 598 2799 sacromentum·
613 2734 672 2786 sieut
683 2735 751 2786 etiam
765 2736 808 2785 ho·

40 2804 76 2855 uiri
85 2816 116 2862 εει
126 2812 272 2865 essentialius
285 2824 336 2862 esse
355 2812 440 2862 naturae
455 2809 522 2873 quim
536 2821 586 2857 esre
597 2807 690 2872 gratia,
704 2804 807 2871 quamvis

41 2885 73 2924 ece
83 2883 149 2942 cratiae
162 2886 193 2936 sit
206 2882 308 2948 dignius.

60 2949 83 2999 ‚tl
99 2955 190 3017 prmum
208 2968 262 3020 ergo
282 2951 415 3017 dicendum,
429 2951 491 3017 qnod
511 2948 579 3008 linis,
591 2946 714 3000 secundnm
732 2946 808 2996 inten-
