1966 3304
75 132 134 180 198-
224 136 532 190 SUPPLEHENTUllssQUAESl'e
544 139 583 192 ΠΙ
589 161 598 191 ‚
613 99 668 178 aas.
685 137 720 179 ur.

74 216 174 269 melioris
185 217 240 268 vita
259 229 305 267 non
319 216 430 268 convolet.
446 216 490 267 Sed
509 229 550 281 per
563 216 677 269 omnalenn
697 217 800 284 oopulam
811 231 889 272 com-
908 253 912 262 -

74 293 149 357 pletor
164 289 225 340 lieta
233 287 352 339 translatio
363 327 370 349 ,
380 289 432 352 quia
444 292 500 339 tune
508 289 577 342 intrat
587 293 683 355 uterque
692 289 718 342 in
731 293 888 356 corporalem

74 361 243 428 possessionem
267 359 311 412 sini
325 360 412 412 tradita
430 361 560 425 potestatis.
573 362 654 424 llntle3
670 362 738 414 etiarn
755 367 807 414 ante
820 377 887 416 car-
904 397 907 404 Δ

74 435 148 486 natm
171 431 288 497 copulam,
302 445 349 484 non
372 431 449 482 statim
468 435 559 483 tenetur
581 433 676 486 reddere
699 433 801 486 debitum
822 439 887 499 post

75 504 242 556 matrimonium
261 506 400 554 contractum
417 517 458 567 per
478 502 548 556 uerba
567 503 594 554 de
604 505 733 568 prasenti,
752 507 793 558 sel
809 506 908 557 datur*

75 577 98 628 ei
110 581 200 640 tempus
212 575 309 626 tuorum
318 574 432 624 mensium
445 577 537 641 propter
545 574 591 625 tria
603 589 610 624 ε
622 573 720 639 primi,
738 580 764 627 ut
778 577 879 628 interim
927 575 932 580 “

75 647 146 713 possit
158 647 283 700 deliberare
301 648 329 698 de
351 647 487 698 transeundo
505 645 701 712 ad=religionem3
720 649 838 711 monneto,
852 653 882 700 ut

76 723 228 784 proponentur
244 731 297 783 qam
310 720 365 769 sunt
376 717 504 769 necessaria
514 719 542 770 aul
552 717 719 770 solemnitatem
727 720 878 785 nuptiarum3

77 790 158 854 tortili,
174 809 186 837 n
206 803 236 841 ne
253 790 324 840 uilem
339 789 423 840 habeat
439 789 636 854 maritusdttam,
652 803 720 856 quam
731 803 778 842 non
794 793 878 858 suspi-

76 860 135 912 ravit
146 862 237 913 dilatam
252 862 298 927 (1).
311 877 325 910 u

60 965 62 972 ‚
108 935 141 984 tt
154 933 247 985 mium
263 931 474 1000 ‹lieentum-quid
487 934 802 1001 eonjunotio‘matrimonialis
821 939 879 988 ante

77 1007 190 1057 carnalem
203 1006 308 1072 copulam
323 1011 358 1058 est
372 1009 463 1073 quidem
477 1008 578 1073 pertenta
593 1007 702 1073 sumtum
715 1009 743 1059 ad
762 1021 813 1059 esse
829 1009 881 1073 pri-

78 1092 155 1142 mum,
168 1079 207 1131 sen
228 1092 275 1130 non
288 1083 445 1131 consummata
463 1077 573 1144 quantlm
587 1079 615 1129 aul
633 1082 710 1130 aetum
729 1080 873 1144 seeundum,

77 1150 116 1214 qui
139 1153 175 1201 est
190 1149 304 1221 operalio,
322 1154 346 1202 et
358 1150 468 1202 similatm
485 1149 624 1216 possessioni
643 1151 762 1218 corporali.
774 1152 803 1202 ltt
816 1152 874 1206 ideo

77 1236 120 1274 neo
134 1221 287 1278 omnimodam
302 1221 505 1280 indivisibilitatem
519 1221 595 1275 hahet.

361 1402 526 1456 inlicitus
542 1403 580 1455 lll.

108 1535 193 1582 nurum
208 1536 297 1596 mutter
309 1536 381 1594 posuit
389 1535 477 1582 nutare
490 1535 564 1580 ultori
579 1535 647 1591 otro,
660 1537 716 1581 unte
727 1535 848 1582 currulem

220 1600 337 1658 copulam,
352 1599 456 1645 virosam
467 1599 732 1656 reltptooemtopreseo.

110 1733 143 1782 ld
157 1733 250 1784 tertium
267 1731 300 1783 sie
310 1731 446 1798 proceditur.
463 1729 559 1782 Videtur
574 1729 636 1796 quod
648 1729 730 1781 mulier
743 1742 790 1782 non
802 1731 874 1795 possit

79 1804 164 1854 nubere
181 1803 262 1867 alteri,
275 1805 325 1855 uiro
338 1816 397 1865 suo,
412 1805 464 1856 ante
479 1803 593 1854 carnalem
605 1802 726 1866 oopulam,
742 1801 874 1867 religionem

77 1875 189 1938 ingresso.
204 1873 261 1932 Quia
277 1875 332 1924 illud
346 1874 405 1938 quod
419 1886 471 1924 oum
485 1873 632 1924 ,matrimonio
649 1876 711 1924 stare
726 1875 815 1939 potest,
828 1887 874 1926 uon

79 1943 148 1995 solvit
159 1944 335 1996 ¹matrimoniale
358 1944 481 1996 nnonlum.
507 1943 553 1994 Sed
570 1942 646 1994 adhue
664 1948 742 1996 manet
760 1943 873 1996 uinculum

79 2013 244 2066 matrimoniale
259 2015 318 2064 inter
332 2015 422 2079 eosqui
438 2014 488 2077 pani
503 2014 699 2079 aotoueltgionem
710 2015 873 2080 intrantllrgo

79 2101 109 2138 eu
129 2087 173 2137 hon
186 2085 246 2150 quid
266 2079 325 2136 nnus
342 2085 411 2137 intrat
423 2085 570 2150 religionem,
585 2087 642 2138 alter
661 2100 708 2139 non
726 2087 874 2141 absolviturt

77 2159 171 2210 vinculo
181 2157 349 2211 matrimoniali.
362 2159 406 2209 Sed
418 2158 528 2223 qnantum
545 2162 625 2211 manet
636 2159 750 2211 vineolam
762 2158 873 2212 matrimo-

79 2233 139 2283 niale
154 2232 182 2282 ad
196 2245 281 2295 annm,
296 2243 344 2282 non
357 2233 434 2295 potest
444 2229 529 2282 nubere
544 2231 617 2283 elteri.
632 2233 700 2296 Ergo,
717 2233 762 2282 ete.

110 2309 134 2357 2.
147 2306 260 2356 praterea
267 2341 277 2368 ,
291 2301 344 2366 vir,
358 2308 413 2368 post
425 2303 552 2368 ingressum
572 2304 703 2370 religionis,
717 2307 810 2369 potest,
823 2306 873 2355 ante

78 2375 258 2441 professionem,
270 2375 344 2427 renim
355 2376 384 2426 ad
401 2376 517 2428 suculam.
529 2377 555 2426 Si
565 2388 619 2442 ergo
631 2375 713 2428 mulier
721 2378 799 2442 posset
812 2375 872 2427 alteri

79 2448 165 2500 nubere
183 2448 233 2499 uiro
254 2449 351 2498 intrante
368 2447 518 2512 religionem,
529 2451 553 2499 et
567 2449 618 2513 ipse
638 2451 716 2513 posset
728 2447 822 2499 altemm
835 2443 876 2500 an'

79 2533 140 2583 eene,
153 2519 243 2571 rediens
254 2521 283 2572 aal
296 2521 418 2585 seculum
430 2522 491 2586 quod
499 2524 535 2573 est
548 2521 678 2574 absurdum.

112 2595 136 2641 a.
149 2592 280 2660 Praeterea,
300 2606 341 2658 per
366 2593 506 2646 Decretalom
523 2606 605 2645 novam
622 2593 674 2660 (i),
693 2591 805 2659 protensio
823 2597 870 2647 ante

114 2744 146 2809 (1)
159 2747 196 2793 Ex
208 2747 313 2799 liceret„
333 2747 407 2797 Gansa
419 2750 519 2812 xxvu,
534 2763 575 2810 qn.
595 2751 611 2796 2
623 2783 630 2810 ,
643 2763 695 2808 oap.
716 2749 863 2798 institutum.

115 2815 147 2878 (ἢ)
162 2821 215 2874 Qum
228 2825 283 2865 tune
297 2821 376 2879 utique
387 2834 447 2869 nova
457 2827 516 2882 orat,
528 2823 581 2870 oium
594 2824 644 2870 lieo
654 2821 766 2868 scriberet
781 2829 868 2870 sanetus

82 2883 179 2943 tentor,
195 2886 276 2942 utpote
298 2885 328 2932 ab
348 2886 480 2936 Alexandro
500 2887 620 2949 litata,
634 2885 733 2961 neotum
747 2885 772 2932 in
790 2896 867 2946 eorpus
