2026 3304
233 141 264 176 ιι
277 139 442 180 massmanno
454 141 696 180 ‹aorrslnommrurrs¹
822 135 867 186 tlt

60 217 143 269 molior
157 218 184 266 ol
204 215 290 266 firmior
305 221 340 266 ιιι
359 216 496 280 conjunctio.
511 217 557 268 Sed
575 219 744 270 matrimonium
764 222 869 283 qucum

58 289 108 354 mnj
113 287 196 339 unctio
204 291 250 337 ast.
260 286 317 336 Cim
329 301 384 350 crgo
399 289 583 353 consanguinitas
592 289 622 340 sit
635 291 796 354 propinquitas
804 307 869 356 qam·

57 363 110 412 lam
117 397 127 424 ,
139 359 312 408 matrimonium
326 373 372 410 non
386 359 489 423 impedit,
504 361 543 411 sod
555 360 627 424 magis
637 361 711 424 juvat.

87 433 135 485 Soti
146 436 229 483 contra
239 467 245 490 ,
255 431 309 481 illml
318 431 380 496 qnod
389 431 576 496 impeditionum
585 433 664 498 prolis,
674 435 744 486 ctiam
751 435 868 486 matrimo-

56 506 123 557 nium
141 503 243 567 impedit
260 501 384 554 sccundirm
404 504 477 566 logum
496 507 590 555 natura.
613 505 658 556 Sed
681 507 868 569 consanguinitas

55 575 260 640 impeditionum
277 575 442 638 prolis,tl1¹ia,
458 578 483 624 ιι
501 575 525 624 in
541 574 616 625 littora
631 589 659 626 ιιι
673 578 750 628 verbis
764 578 868 641 Gregorii

55 648 172 707 habetur,
188 661 202 694 ι
217 645 373 708 experimento
390 644 524 706 didicimus,
537 660 567 697 ax
582 647 623 696 tali
643 647 751 711 conjugio
765 649 867 701 sobolom

56 731 106 772 non
119 731 193 782 possa
206 729 357 767 succrescere.
368 733 382 763 u
397 718 455 781 Ergo
463 717 647 782 consanguinitas
659 720 867 784 sacundimlegam

56 795 147 841 naturae
172 787 341 840 matrimonium
352 788 455 852 impedit.
561 793 563 796 ’

85 863 223 922 Praeterea,
241 860 296 908 illud
311 861 372 923 quorl
385 861 454 910 habat
473 863 555 910 natura
575 861 676 912 humana
693 862 716 912 in
738 860 810 925 prima
829 862 867 912 sul

54 934 206 992 conditione,
226 937 260 982 ιιι
280 933 307 982 ds
326 933 377 995 laga
399 936 494 982 natura.
508 933 552 982 Sed
566 931 579 982 a
593 932 664 996 prima
679 933 715 982 sul
735 933 866 986 conuitium

55 1007 101 1056 luoc
109 1003 196 1054 hahuit
207 1004 305 1052 humana
318 1007 410 1065 natura,
421 1003 480 1066 quod
494 1007 560 1066 palor
575 1008 599 1055 ιι
612 1003 706 1054 matari
718 1003 863 1056 matrimonio

56 1075 249 1136 exanimentur,
266 1075 325 1136 qarorl
340 1077 403 1137 palat
416 1087 458 1138 por
473 1076 517 1126 ιιι
532 1075 592 1138 quod
609 1075 692 1126 dicitur
705 1076 801 1132 Genea,
820 1077 840 1126 ll
858 1090 864 1126 ι

59 1148 185 1209 «Propter
198 1146 243 1194 hoc
256 1145 368 1208 relinqunt
380 1147 449 1196 homo
461 1149 549 1210 patrans
560 1150 584 1196 ιι
593 1149 703 1208 matrem
716 1160 730 1192 ι
745 1146 805 1208 quod
818 1158 865 1196 non

57 1221 139 1282 potest
154 1215 253 1276 intelligi
267 1215 375 1279 ouantium
384 1217 410 1266 ad
421 1217 618 1280 cohabitationem,
627 1220 650 1266 ιι
659 1217 694 1266 sic
706 1220 796 1280 oportot
804 1215 865 1280 quod

55 1289 200 1352 intelligatur
210 1287 319 1349 quantiam
332 1288 360 1337 ad
372 1289 510 1338 matrimonii
523 1287 717 1352 coniunctionem.
733 1289 792 1350 Ergo
809 1300 865 1336 con·

58 1360 207 1424 sanguinitas
220 1358 316 1421 impedit
330 1359 498 1408 matrimonium
510 1357 636 1409 secundiam
649 1359 723 1421 legem
736 1362 832 1408 natura.

91 1433 261 1498 (concussio.
276 1455 307 1466 -
317 1429 505 1492 consanguinitas
518 1429 628 1492 quantom
643 1431 669 1479 art
683 1429 770 1492 aliquas
788 1441 866 1492 perso·

58 1517 101 1554 nas
113 1501 216 1564 impedit
234 1499 400 1549 matrimonium
415 1501 467 1563 jura
483 1501 593 1562 naturali,
609 1500 719 1564 quantun
734 1501 761 1550 ad
779 1499 865 1562 aliquas

58 1576 110 1638 jure
123 1571 225 1632 diuino,
239 1575 263 1621 ιι
276 1569 386 1634 quantiam
403 1572 430 1621 ad
442 1571 530 1636 aliquas
546 1571 598 1634 jare
616 1585 657 1635 por
672 1572 777 1622 hominos
794 1571 866 1621 iusti-

91 1715 232 1780 llaspondao
249 1712 383 1776 dicendum,
399 1713 459 1777 quoi
472 1712 496 1762 in
512 1711 655 1764 matrimonio
670 1711 725 1760 illml
742 1714 821 1762 contra
832 1711 864 1762 lo·

58 1801 111 1853 gem
132 1791 224 1836 naturas
243 1797 295 1834 esse
314 1785 411 1848 dicitur,
433 1795 474 1848 par
495 1785 554 1847 quod
578 1782 743 1834 matrimonium
765 1783 866 1836 redditur

59 1861 224 1924 incompetens
233 1859 338 1920 respectu
348 1855 398 1906 linis
409 1857 436 1905 ad
445 1869 514 1919 qnam
524 1859 561 1904 est
568 1855 705 1906 ordinatum.
716 1855 779 1905 Finis
788 1861 865 1906 autam

60 1928 204 1981 matrimonii
218 1941 259 1992 por
272 1941 297 1978 so
316 1930 339 1976 ιι
352 1926 426 1990 primo
438 1931 475 1977 ost
492 1927 576 1976 honum
589 1925 674 1990 prolis,
690 1927 751 1990 quod
773 1927 865 1990 quidam

57 2017 101 2068 par
111 2001 215 2066 aliquam
225 1997 445 2062 consanguinitatem
460 1997 565 2062 (scilicet
576 1997 636 2049 inter
649 2001 736 2060 patrem
750 2001 773 2048 ιι
786 1998 864 2060 liliam,

59 2077 97 2126 vol
116 2073 192 2124 lilium
208 2075 231 2122 ct
249 2072 359 2133 matrem)
373 2109 380 2132 ‚
395 2070 531 2134 impeditur,
547 2083 592 2120 noo
611 2071 701 2133 quidem
723 2073 747 2119 ιι
766 2070 867 2120 totaliter

25 2203 26 2214 χ
61 2146 170 2206 tollatur,
184 2141 238 2206 quia
252 2141 296 2190 iilia
310 2141 433 2192 exsemine
444 2141 600 2206 patrispotasl
610 2143 697 2204 prolem
709 2141 833 2203 suscipere,
843 2141 867 2189 ιι

63 2216 133 2267 simul
147 2227 202 2264 cum
219 2216 282 2276 patra
296 2212 382 2262 nutrire
394 2216 417 2262 ιι
431 2213 543 2263 instrucre
551 2249 560 2275 ,
571 2213 595 2264 in
606 2213 687 2276 quibus
698 2213 783 2262 bonum
796 2209 865 2272 prolis

63 2285 188 2346 consistit,
204 2284 244 2334 scd
258 2287 284 2332 ιι
294 2297 341 2335 non
350 2283 494 2334 convenienti
504 2285 570 2334 modo
581 2285 628 2337 liat.
640 2282 793 2334 lnordinatum
804 2279 866 2332 enim

62 2357 171 2424 estquod
182 2356 229 2406 lilia
241 2356 299 2420 patri
313 2369 355 2420 par
364 2356 533 2406 matrimonium
543 2358 653 2418 jungatur
666 2356 690 2403 in
702 2351 786 2403 soriam
799 2349 867 2402 causa

60 2429 200 2494 generandas
214 2426 285 2491 prolis
297 2431 321 2478 ιι
335 2427 472 2489 educanda,
482 2439 549 2490 quam
563 2429 652 2490 oportet
665 2439 706 2488 per
719 2423 795 2474 omnia
807 2421 867 2488 patri

61 2515 112 2554 csse
128 2499 273 2564 subiectam,
291 2498 354 2549 uolut
372 2511 401 2549 ιι
418 2511 446 2549 ιο
467 2499 635 2562 procedantcm.
653 2497 681 2546 Et
702 2496 754 2546 idco
776 2495 868 2558 delego

63 2571 165 2625 naturali
177 2574 229 2630 ast,
241 2575 267 2620 ut
285 2574 350 2635 pater
363 2575 387 2620 ιι
407 2569 505 2620 matera
520 2569 664 2620 matrimonio
678 2568 830 2631 repellantur3
845 2568 869 2618 at

65 2646 140 2708 magis
156 2643 225 2694 otiam
245 2646 318 2692 mator
337 2642 404 2706 quiam
419 2645 497 2706 potor,
514 2641 567 2704 quia
582 2638 653 2702 magis
670 2639 802 2691 reverentis
816 2649 867 2700 quo

65 2717 162 2768 debetur
174 2714 305 2779 parentibus
317 2714 437 2778 derogatur
444 2749 453 2775 ,
467 2711 487 2762 si
499 2711 558 2761 lilius
570 2708 757 2772 nullumquam
770 2709 789 2759 ai
803 2711 869 2770 pater

64 2789 137 2838 liliam
152 2787 220 2837 ducat
232 2787 256 2836 in
270 2797 377 2848 uxorem,
388 2784 441 2836 cum
457 2797 514 2834 urm
529 2782 578 2832 viro
590 2781 717 2844 aliqualiter
725 2779 806 2830 debeat
814 2787 866 2830 assa

68 2861 181 2926 snbjunta.
193 2858 237 2910 sad
254 2855 305 2910 finis
319 2854 458 2916 matrimonii
471 2851 618 2907 secundarius
628 2864 669 2916 per
686 2863 711 2902 sc
729 2853 766 2902 ost
785 2857 867 2900 concu-
