1998 3326
126 147 156 194 8⁴)
291 155 491 207 sursumsunt,
508 155 602 199 omnen.
619 157 647 206 u,
664 155 720 194 aar.
737 155 756 193 r.
980 154 984 190 r

125 235 205 284 menta
220 245 272 296 puna
285 231 451 282 contrariantes
471 231 572 294 hisquae
586 235 639 281 sunt
654 231 682 282 de
697 232 840 283 solemnitate
856 229 943 298 hujus
979 245 984 282 r

125 304 276 365 sacramenti,
292 315 339 352 non
359 301 463 352 efficiunt
482 302 538 365 quin
559 302 589 352 sit
608 314 687 353 rernm
706 303 893 368 matrimonium
910 308 943 356 et
983 317 984 352 r

125 375 182 425 talia
200 375 307 425 dicuntur
320 373 428 438 impedire
439 373 606 423 matrimonium
617 375 810 438 contrahendum,
825 372 866 425 sed
879 365 949 427 non'
981 389 984 434 t

47 477 50 481 -
127 446 237 496 dirimunt
246 448 400 508 contractum,
414 443 473 494 siout
489 444 609 508 prohibitio
623 445 733 496 Ecclesiae
745 449 768 496 et
781 450 876 510 tempus
894 447 944 498 fe·
982 462 984 498 r

128 515 224 579 uiatum3
236 516 300 572 ,unia
313 529 393 566 versus
409 531 415 565 ι
979 531 984 566 r

244 641 252 662 ι
261 627 350 664 Ecclesiae
359 627 447 672 vetitum,
458 639 534 664 necnon
544 632 620 676 tempus
629 627 720 664 feriatum
980 603 984 638 ἦ

238 683 351 734 Impediunt
359 684 407 730 fieri,
418 684 607 733 permittentiuuuta
617 684 699 722 teneri.»
981 677 984 712 i

130 779 945 846 impedimentanumnqueeontmriauturniuprosumiaessentia
977 821 984 856 ¹,

130 851 282 914 matrimonii,
298 851 386 902 iaciunt
398 855 480 903 utnon
495 853 616 903 situatum
632 852 811 902 matrimonium.
822 853 853 902 ht
874 853 938 906 ideo
983 891 984 923 ,

130 921 235 972 dicuntur
245 936 292 973 non
301 921 374 973 soihm
383 923 493 986 impedire
505 923 699 984 contrahendum,
709 923 870 975 seddirimere
880 923 942 988 jam
978 960 984 997 ,

131 996 355 1057 contractumque
372 993 410 1043 his
422 993 525 1044 versibus
541 994 695 1044 continentur.
981 1036 984 1069 ,

184 1129 187 1134 -
222 1105 303 1151 «Error,
314 1103 405 1150 enudatio,
416 1110 488 1152 notum,
498 1105 594 1151 cognatio,
605 1105 686 1149 crimen,
980 1093 984 1140 t

217 1161 285 1199 euim·
295 1162 401 1210 disparitas,
410 1163 444 1208 ris,
455 1161 509 1210 ordo,
519 1163 610 1210 ligamen,
620 1161 715 1207 honestas,

218 1219 239 1258 Si
247 1221 272 1258 sis
281 1221 347 1268 affinis,
358 1221 373 1258 si
382 1221 431 1259 iortd
440 1221 493 1260 coire
504 1221 601 1269 nequibis,

217 1278 263 1316 Haec
273 1279 362 1316 socianda
371 1285 435 1317 retunt
443 1277 547 1326 connubia,
558 1278 608 1316 sacta
618 1282 728 1316 renuerant.
739 1293 746 1312 ι
978 1319 984 1354 J

130 1374 305 1426 flammantem
324 1387 431 1426 numerus
448 1374 482 1425 sic
492 1374 564 1439 accipi
578 1378 663 1438 potest.
682 1375 763 1426 Potest
776 1372 837 1424 euim
853 1375 944 1426 matri·

130 1446 234 1496 monium
247 1445 353 1509 impediri
365 1447 405 1496 aut
418 1459 447 1497 ex
457 1450 522 1510 parte
536 1445 666 1496 eontraetds
680 1444 833 1505 matrimonii,
849 1449 891 1494 aut
907 1459 944 1498 ex

131 1520 197 1578 parte
207 1517 401 1568 contrahentium.
415 1517 440 1568 Si
454 1517 527 1581 primo
545 1517 627 1578 modo,
642 1516 694 1567 eirm
707 1518 835 1566 contractus
848 1518 944 1568 matri-
979 1535 984 1568 r

131 1587 203 1637 monii
216 1587 256 1637 hat
270 1601 312 1652 per
326 1588 479 1640 uoluntarium
493 1601 627 1640 eonsensum
637 1626 644 1648 ,
656 1588 697 1650 qui
710 1587 848 1650 tolliturper
860 1586 945 1650 igno-
980 1595 984 1638 t

132 1658 228 1709 rentiam
240 1663 263 1709 et
271 1673 312 1724 per
320 1660 462 1725 uiolentiam,
477 1664 543 1710 amnt
555 1659 599 1709 duo
609 1659 772 1722 impedimenta
784 1656 943 1723 matrimonii,
980 1673 984 1710 t

133 1728 221 1780 seiiioet
232 1730 284 1793 ris,
298 1730 322 1780 id
335 1735 384 1792 est,
393 1730 494 1794 coactio,
504 1735 529 1780 et
541 1745 615 1780 error
629 1741 658 1779 ex
672 1732 735 1795 parte
746 1727 889 1792 ignorantia.
909 1731 946 1782 Et
981 1745 984 1780 r

133 1797 187 1848 ideo
200 1801 228 1848 de
242 1800 293 1849 istis
304 1801 391 1852 duobus
400 1801 570 1864 impedimentis
583 1801 639 1865 (lv.
650 1801 730 1858 Sent„
742 1799 795 1849 dist.
809 1802 873 1848 teet
882 1801 943 1866 80),
983 1819 984 1852 r

131 1869 242 1933 Magister
250 1871 419 1934 determinavit,
428 1873 467 1922 uhi
475 1873 581 1934 agebatur
590 1871 618 1920 de
627 1882 695 1920 eausa
706 1869 855 1920 matrimonii.
867 1871 946 1926 Nune
983 1885 984 1922 t

134 1943 211 1992 autem
226 1941 273 2004 agit
287 1941 314 1990 de
327 1941 497 2006 impedimentis
512 1955 564 2004 que
578 1940 717 2007 accipiuntur
734 1953 762 1992 er
772 1944 837 2004 parte
853 1953 945 2004 perso-
983 1981 984 2002 ,

133 2023 215 2064 narum
233 2011 429 2074 contrahentium,
443 2025 494 2076 que
513 2013 546 2064 sie
566 2012 745 2074 distinguuntur.
767 2013 846 2062 Potest
870 2014 943 2067 enim
983 2031 984 2078 r

134 2081 216 2147 aliquis
228 2083 333 2148 impediri
344 2083 357 2134 a
367 2083 512 2135 matrimonio
522 2083 676 2134 contrahendo
692 2083 729 2133 rei
743 2082 884 2147 simpliciter,
896 2087 944 2138 vel
983 2097 984 2134 t

133 2158 241 2219 respectu
254 2154 351 2215 alicuius
362 2167 472 2218 personae.
485 2154 510 2203 Si
521 2153 653 2218 simpliciter
662 2191 669 2215 ,
679 2157 706 2203 ut
720 2152 771 2203 chm
783 2151 845 2202 nulii
858 2157 944 2216 possit
983 2171 984 2208 t

133 2224 303 2277 matrimonium
325 2227 468 2288 contrahere,
481 2227 525 2276 hoe
542 2235 589 2276 uon
603 2228 678 2290 potest
692 2237 742 2276 esse
755 2224 801 2274 nisi
819 2224 874 2287 quia
889 2224 942 2278 im-
983 2243 984 2280 i

132 2297 250 2360 peditura
269 2297 429 2347 matrimoniali
441 2300 503 2346 actu.
519 2297 584 2354 Quod
601 2297 693 2360 quidem
707 2295 819 2358 conhngit
836 2295 943 2358 dupiici-
983 2311 984 2350 t

133 2369 170 2417 ter
180 2381 186 2416 ε
197 2367 284 2430 Primo,
295 2368 349 2432 quia
361 2379 409 2418 non
421 2371 498 2431 potest
514 2367 542 2418 de
553 2367 627 2432 iaoto;
642 2368 691 2420 sire
706 2367 759 2431 quia
775 2365 869 2417 omuind
884 2379 940 2420 non
983 2385 984 2424 t

132 2438 220 2504 possit,
233 2443 256 2489 et
269 2440 301 2490 sio
319 2439 411 2504 ponitur
426 2438 628 2503 impedimentum,
642 2441 792 2504 irnpoieniia
809 2438 939 2502 coeundi,·
983 2457 984 2496 t

132 2509 183 2561 sire
193 2509 247 2572 qma
258 2522 304 2560 uon
317 2509 387 2560 iiherd
398 2509 478 2574 possit,
487 2513 511 2560 et
524 2509 557 2560 sie
567 2509 659 2574 ponitur
671 2509 868 2574 impedimentum,
878 2523 937 2559 sar·-
983 2543 984 2562 2

131 2581 224 2630 nitetis
234 2581 356 2632 conditio.
370 2579 487 2641 Secundo,
502 2580 554 2644 quia
569 2593 615 2632 non
628 2579 689 2632 licite
703 2585 790 2645 potest,
804 2588 827 2630 et
837 2581 883 2630 hoe
892 2593 938 2633 se-
983 2601 984 2604 ¹

132 2651 231 2702 cundiam
243 2653 304 2715 quod
319 2655 346 2703 ad
359 2652 522 2704 continentiam
541 2652 660 2716 obligatur.
678 2652 742 2712 Quod
760 2651 873 2714 contingit
887 2653 939 2702 dn-

130 2721 230 2786 piiciier,
243 2723 297 2787 quia
311 2722 347 2775 rel
359 2723 470 2788 obligatur
482 2735 512 2774 ar
524 2723 600 2774 officio
617 2727 739 2788 suscepto,
752 2726 776 2774 et
789 2722 823 2772 sic
833 2725 869 2772 est
882 2723 939 2774 tm-

131 2792 306 2855 pedamentum
321 2795 430 2858 ordinia-
441 2795 479 2845 nei
490 2807 519 2846 ex
530 2798 583 2846 roto
595 2794 687 2858 emisso,
698 2797 722 2846 et
734 2794 767 2844 sic
780 2792 875 2856 impedit
887 2809 936 2844 vo-

134 2863 200 2914 tnm.
215 2865 240 2916 Si
251 2871 328 2917 autern
338 2867 461 2930 impeditur
471 2865 553 2930 ahqnis
567 2865 581 2917 tr
597 2863 750 2930 matrimonio,
761 2878 809 2916 uon
822 2864 939 2929 simplici·
