<?xml version="1.0" encoding="UTF-8"?>
<!DOCTYPE html PUBLIC "-//W3C//DTD XHTML 1.0 Transitional//EN"
    "http://www.w3.org/TR/xhtml1/DTD/xhtml1-transitional.dtd">
<html xmlns="http://www.w3.org/1999/xhtml" xml:lang="en" lang="en">
 <head>
  <title>
</title>
<meta http-equiv="Content-Type" content="text/html;charset=utf-8" />
  <meta name='ocr-system' content='tesseract 3.04.00' />
  <meta name='ocr-capabilities' content='ocr_page ocr_carea ocr_par ocr_line ocrx_word'/>
</head>
<body>
  <div class='ocr_page' id='page_1' title='image "./summatheologica06nicogoog_0186.png"; bbox 0 0 2024 3328; ppageno 0'>
   <div class='ocr_carea' id='block_1_1' title="bbox 142 131 790 217">
    <p class='ocr_par' dir='ltr' id='par_1_1' title="bbox 142 131 790 217">
     <span class='ocr_line' id='line_1_1' title="bbox 142 131 790 217; baseline 0 -13"><span class='ocrx_word' id='word_1_1' title='bbox 142 157 188 204; x_wconf 79' lang='lat' dir='ltr'><strong>las</strong></span> <span class='ocrx_word' id='word_1_2' title='bbox 288 165 490 217; x_wconf 78' lang='lat' dir='ltr'><strong>smncnnnnnnar,</strong></span> <span class='ocrx_word' id='word_1_3' title='bbox 504 164 597 212; x_wconf 73' lang='lat' dir='ltr'><strong>onaan.</strong></span> <span class='ocrx_word' id='word_1_4' title='bbox 614 131 667 216; x_wconf 65' lang='lat' dir='ltr'><strong>tri,</strong></span> <span class='ocrx_word' id='word_1_5' title='bbox 681 162 736 204; x_wconf 79' lang='lat' dir='ltr'><strong>ana.</strong></span> <span class='ocrx_word' id='word_1_6' title='bbox 753 165 790 204; x_wconf 84' lang='lat' dir='ltr'><strong>arr.</strong></span> 
     </span>
    </p>
   </div>
   <div class='ocr_carea' id='block_1_2' title="bbox 140 239 941 1166">
    <p class='ocr_par' dir='ltr' id='par_1_2' title="bbox 140 239 940 378">
     <span class='ocr_line' id='line_1_2' title="bbox 140 239 940 308; baseline -0.001 -14"><span class='ocrx_word' id='word_1_7' title='bbox 140 247 187 304; x_wconf 89' lang='lat' dir='ltr'><strong>tur,</strong></span> <span class='ocrx_word' id='word_1_8' title='bbox 203 242 262 294; x_wconf 89' lang='lat' dir='ltr'><strong>sicut</strong></span> <span class='ocrx_word' id='word_1_9' title='bbox 275 243 303 294; x_wconf 86' lang='lat' dir='ltr'><strong>de</strong></span> <span class='ocrx_word' id='word_1_10' title='bbox 316 242 426 294; x_wconf 83' lang='lat' dir='ltr'><strong>affinitate</strong></span> <span class='ocrx_word' id='word_1_11' title='bbox 444 245 509 308; x_wconf 89' lang='lat' dir='ltr'><strong>patet</strong></span> <span class='ocrx_word' id='word_1_12' title='bbox 524 242 583 308; x_wconf 87' lang='lat' dir='ltr'><strong>(qu.</strong></span> <span class='ocrx_word' id='word_1_13' title='bbox 595 245 634 306; x_wconf 76' lang='lat' dir='ltr'><strong>tt,</strong></span> <span class='ocrx_word' id='word_1_14' title='bbox 644 245 687 292; x_wconf 87' lang='lat' dir='ltr'><strong>art.</strong></span> <span class='ocrx_word' id='word_1_15' title='bbox 700 247 714 292; x_wconf 87' lang='lat'><strong>6</strong></span> <span class='ocrx_word' id='word_1_16' title='bbox 727 258 734 306; x_wconf 91' lang='lat'>;</span> <span class='ocrx_word' id='word_1_17' title='bbox 750 245 773 293; x_wconf 93' lang='lat' dir='ltr'><strong>et</strong></span> <span class='ocrx_word' id='word_1_18' title='bbox 785 239 890 295; x_wconf 87' lang='lat' dir='ltr'><strong>similiter</strong></span> <span class='ocrx_word' id='word_1_19' title='bbox 903 242 940 294; x_wconf 91' lang='lat' dir='ltr'><strong>di-</strong></span> 
     </span>
     <span class='ocr_line' id='line_1_3' title="bbox 140 313 732 378; baseline -0.003 -12"><span class='ocrx_word' id='word_1_20' title='bbox 140 315 236 374; x_wconf 85' lang='lat' dir='ltr'><strong>candum</strong></span> <span class='ocrx_word' id='word_1_21' title='bbox 250 317 285 367; x_wconf 88' lang='lat' dir='ltr'><strong>eat</strong></span> <span class='ocrx_word' id='word_1_22' title='bbox 296 315 324 366; x_wconf 84' lang='lat' dir='ltr'><strong>de</strong></span> <span class='ocrx_word' id='word_1_23' title='bbox 339 313 471 378; x_wconf 74' lang='lat' dir='ltr'><strong>disparitate</strong></span> <span class='ocrx_word' id='word_1_24' title='bbox 485 313 569 364; x_wconf 85' lang='lat' dir='ltr'><strong>cultris.</strong></span> <span class='ocrx_word' id='word_1_25' title='bbox 730 357 732 364; x_wconf 16' lang='grc' dir='ltr'><em>Α</em></span> 
     </span>
    </p>

    <p class='ocr_par' dir='ltr' id='par_1_3' title="bbox 140 386 941 1166">
     <span class='ocr_line' id='line_1_4' title="bbox 174 386 940 452; baseline 0 -14"><span class='ocrx_word' id='word_1_26' title='bbox 174 388 209 438; x_wconf 85' lang='lat' dir='ltr'><strong>ld</strong></span> <span class='ocrx_word' id='word_1_27' title='bbox 223 387 346 438; x_wconf 91' lang='lat' dir='ltr'><strong>secundum</strong></span> <span class='ocrx_word' id='word_1_28' title='bbox 364 386 498 450; x_wconf 89' lang='lat' dir='ltr'><strong>dicendum,</strong></span> <span class='ocrx_word' id='word_1_29' title='bbox 509 386 568 450; x_wconf 90' lang='lat' dir='ltr'><strong>qnbd</strong></span> <span class='ocrx_word' id='word_1_30' title='bbox 587 387 612 437; x_wconf 90' lang='lat' dir='ltr'><strong>in</strong></span> <span class='ocrx_word' id='word_1_31' title='bbox 624 386 744 452; x_wconf 86' lang='lat' dir='ltr'><strong>primitiva.</strong></span> <span class='ocrx_word' id='word_1_32' title='bbox 754 386 867 450; x_wconf 73' lang='lat' dir='ltr'><strong>Ecclesia,</strong></span> <span class='ocrx_word' id='word_1_33' title='bbox 879 391 940 438; x_wconf 90' lang='lat' dir='ltr'><strong>tem·</strong></span> 
     </span>
     <span class='ocr_line' id='line_1_5' title="bbox 140 457 940 524; baseline 0.001 -15"><span class='ocrx_word' id='word_1_34' title='bbox 140 472 196 524; x_wconf 85' lang='lat' dir='ltr'><strong>pore</strong></span> <span class='ocrx_word' id='word_1_35' title='bbox 210 459 370 523; x_wconf 87' lang='lat' dir='ltr'><strong>apostolorum,</strong></span> <span class='ocrx_word' id='word_1_36' title='bbox 381 457 464 522; x_wconf 89' lang='lat' dir='ltr'><strong>passim</strong></span> <span class='ocrx_word' id='word_1_37' title='bbox 479 457 669 510; x_wconf 75' lang='lat' dir='ltr'>convertebantur</span> <span class='ocrx_word' id='word_1_38' title='bbox 680 459 709 509; x_wconf 84' lang='lat' dir='ltr'><strong>ad</strong></span> <span class='ocrx_word' id='word_1_39' title='bbox 719 458 787 509; x_wconf 87' lang='lat' dir='ltr'><strong>fidem</strong></span> <span class='ocrx_word' id='word_1_40' title='bbox 797 462 821 509; x_wconf 90' lang='lat' dir='ltr'><strong>ct</strong></span> <span class='ocrx_word' id='word_1_41' title='bbox 833 459 906 510; x_wconf 86' lang='lat' dir='ltr'><strong>ludaei</strong></span> <span class='ocrx_word' id='word_1_42' title='bbox 915 465 940 510; x_wconf 92' lang='lat' dir='ltr'><strong>et</strong></span> 
     </span>
     <span class='ocr_line' id='line_1_6' title="bbox 140 529 940 594; baseline 0.001 -14"><span class='ocrx_word' id='word_1_43' title='bbox 140 530 251 582; x_wconf 78' lang='lat' dir='ltr'><strong>Gentiles.</strong></span> <span class='ocrx_word' id='word_1_44' title='bbox 263 532 293 582; x_wconf 82' lang='lat' dir='ltr'><strong>nt</strong></span> <span class='ocrx_word' id='word_1_45' title='bbox 312 529 364 582; x_wconf 88' lang='lat' dir='ltr'><strong>ideo</strong></span> <span class='ocrx_word' id='word_1_46' title='bbox 375 534 430 580; x_wconf 90' lang='lat' dir='ltr'><strong>tunc</strong></span> <span class='ocrx_word' id='word_1_47' title='bbox 446 529 482 580; x_wconf 90' lang='lat' dir='ltr'><strong>vir</strong></span> <span class='ocrx_word' id='word_1_48' title='bbox 499 529 573 582; x_wconf 86' lang='lat' dir='ltr'><strong>fidehs</strong></span> <span class='ocrx_word' id='word_1_49' title='bbox 591 533 680 593; x_wconf 90' lang='lat' dir='ltr'><strong>poterat</strong></span> <span class='ocrx_word' id='word_1_50' title='bbox 697 529 781 580; x_wconf 89' lang='lat' dir='ltr'><strong>hahere</strong></span> <span class='ocrx_word' id='word_1_51' title='bbox 798 529 940 594; x_wconf 89' lang='lat' dir='ltr'><strong>probabilem</strong></span> 
     </span>
     <span class='ocr_line' id='line_1_7' title="bbox 140 601 940 667; baseline 0 -14"><span class='ocrx_word' id='word_1_52' title='bbox 140 615 206 667; x_wconf 86' lang='lat' dir='ltr'><strong>spem</strong></span> <span class='ocrx_word' id='word_1_53' title='bbox 219 603 247 653; x_wconf 91' lang='lat' dir='ltr'><strong>dc</strong></span> <span class='ocrx_word' id='word_1_54' title='bbox 260 602 338 653; x_wconf 81' lang='lat' dir='ltr'><strong>uxoris</strong></span> <span class='ocrx_word' id='word_1_55' title='bbox 352 601 513 666; x_wconf 78' lang='lat' dir='ltr'><strong>conversione,</strong></span> <span class='ocrx_word' id='word_1_56' title='bbox 530 601 620 654; x_wconf 89' lang='lat' dir='ltr'><strong>etiamsi</strong></span> <span class='ocrx_word' id='word_1_57' title='bbox 639 602 810 653; x_wconf 88' lang='lat' dir='ltr'><strong>conversionem</strong></span> <span class='ocrx_word' id='word_1_58' title='bbox 822 615 868 653; x_wconf 92' lang='lat' dir='ltr'><strong>non</strong></span> <span class='ocrx_word' id='word_1_59' title='bbox 886 615 940 667; x_wconf 90' lang='lat' dir='ltr'><strong>pro-</strong></span> 
     </span>
     <span class='ocr_line' id='line_1_8' title="bbox 141 673 941 739; baseline 0 -15"><span class='ocrx_word' id='word_1_60' title='bbox 141 673 251 724; x_wconf 79' lang='lat' dir='ltr'><strong>mitteret.</strong></span> <span class='ocrx_word' id='word_1_61' title='bbox 264 674 412 725; x_wconf 84' lang='lat' dir='ltr'><strong>Postmodum</strong></span> <span class='ocrx_word' id='word_1_62' title='bbox 421 677 496 724; x_wconf 83' lang='lat' dir='ltr'><strong>aulam</strong></span> <span class='ocrx_word' id='word_1_63' title='bbox 503 710 511 736; x_wconf 97' lang='lat'><strong>,</strong></span> <span class='ocrx_word' id='word_1_64' title='bbox 524 677 627 739; x_wconf 90' lang='lat' dir='ltr'><strong>ternpore</strong></span> <span class='ocrx_word' id='word_1_65' title='bbox 635 673 773 738; x_wconf 80' lang='lat' dir='ltr'><strong>procedente</strong></span> <span class='ocrx_word' id='word_1_66' title='bbox 782 673 872 734; x_wconf 80' lang='lat' dir='ltr'><strong>,iudaei</strong></span> <span class='ocrx_word' id='word_1_67' title='bbox 885 679 941 725; x_wconf 87' lang='lat' dir='ltr'><strong>sunt</strong></span> 
     </span>
     <span class='ocr_line' id='line_1_9' title="bbox 141 745 941 810; baseline 0.004 -15"><span class='ocrx_word' id='word_1_68' title='bbox 141 745 215 807; x_wconf 79' lang='lat' dir='ltr'><strong>magis</strong></span> <span class='ocrx_word' id='word_1_69' title='bbox 228 745 334 797; x_wconf 81' lang='lat' dir='ltr'><strong>obstinati</strong></span> <span class='ocrx_word' id='word_1_70' title='bbox 346 745 414 810; x_wconf 80' lang='lat' dir='ltr'><strong>quim</strong></span> <span class='ocrx_word' id='word_1_71' title='bbox 430 745 543 810; x_wconf 85' lang='lat' dir='ltr'><strong>Gentiles,</strong></span> <span class='ocrx_word' id='word_1_72' title='bbox 556 745 609 810; x_wconf 79' lang='lat' dir='ltr'><strong>quia</strong></span> <span class='ocrx_word' id='word_1_73' title='bbox 623 745 724 796; x_wconf 85' lang='lat' dir='ltr'><strong>Gentiles</strong></span> <span class='ocrx_word' id='word_1_74' title='bbox 738 746 812 797; x_wconf 88' lang='lat' dir='ltr'><strong>adhuc</strong></span> <span class='ocrx_word' id='word_1_75' title='bbox 824 745 941 798; x_wconf 78' lang='lat' dir='ltr'><strong>intrabant</strong></span> 
     </span>
     <span class='ocr_line' id='line_1_10' title="bbox 141 815 940 882; baseline 0.005 -16"><span class='ocrx_word' id='word_1_76' title='bbox 141 815 170 866; x_wconf 92' lang='lat' dir='ltr'><strong>ad</strong></span> <span class='ocrx_word' id='word_1_77' title='bbox 183 816 260 878; x_wconf 84' lang='lat' dir='ltr'><strong>idem,</strong></span> <span class='ocrx_word' id='word_1_78' title='bbox 272 817 334 868; x_wconf 89' lang='lat' dir='ltr'><strong>sicut</strong></span> <span class='ocrx_word' id='word_1_79' title='bbox 347 821 448 882; x_wconf 87' lang='lat' dir='ltr'><strong>tempore</strong></span> <span class='ocrx_word' id='word_1_80' title='bbox 461 820 594 882; x_wconf 71' lang='lat' dir='ltr'><strong>martyrum,</strong></span> <span class='ocrx_word' id='word_1_81' title='bbox 609 821 633 867; x_wconf 92' lang='lat' dir='ltr'><strong>et</strong></span> <span class='ocrx_word' id='word_1_82' title='bbox 642 817 781 882; x_wconf 83' lang='lat' dir='ltr'><strong>temporibus</strong></span> <span class='ocrx_word' id='word_1_83' title='bbox 794 818 940 870; x_wconf 84' lang='lat' dir='ltr'><strong>Constantini</strong></span> 
     </span>
     <span class='ocr_line' id='line_1_11' title="bbox 140 886 941 953; baseline 0.004 -17"><span class='ocrx_word' id='word_1_84' title='bbox 140 886 299 952; x_wconf 84' lang='lat' dir='ltr'><strong>imperatoris,</strong></span> <span class='ocrx_word' id='word_1_85' title='bbox 310 891 334 940; x_wconf 90' lang='lat' dir='ltr'><strong>et</strong></span> <span class='ocrx_word' id='word_1_86' title='bbox 349 888 408 940; x_wconf 88' lang='lat' dir='ltr'><strong>circa</strong></span> <span class='ocrx_word' id='word_1_87' title='bbox 420 891 524 953; x_wconf 86' lang='lat' dir='ltr'><strong>tempora</strong></span> <span class='ocrx_word' id='word_1_88' title='bbox 536 888 584 939; x_wconf 89' lang='lat' dir='ltr'><strong>illa.</strong></span> <span class='ocrx_word' id='word_1_89' title='bbox 599 888 629 939; x_wconf 79' lang='lat' dir='ltr'><strong>lit</strong></span> <span class='ocrx_word' id='word_1_90' title='bbox 642 887 694 940; x_wconf 89' lang='lat' dir='ltr'><strong>ideo</strong></span> <span class='ocrx_word' id='word_1_91' title='bbox 707 892 762 939; x_wconf 88' lang='lat' dir='ltr'><strong>tnnc</strong></span> <span class='ocrx_word' id='word_1_92' title='bbox 779 901 827 940; x_wconf 89' lang='lat' dir='ltr'><strong>non</strong></span> <span class='ocrx_word' id='word_1_93' title='bbox 840 893 889 940; x_wconf 88' lang='lat' dir='ltr'><strong>erat</strong></span> <span class='ocrx_word' id='word_1_94' title='bbox 901 893 941 940; x_wconf 89' lang='lat' dir='ltr'><strong>tn-</strong></span> 
     </span>
     <span class='ocr_line' id='line_1_12' title="bbox 140 958 940 1025; baseline 0.004 -18"><span class='ocrx_word' id='word_1_95' title='bbox 140 961 189 1008; x_wconf 89' lang='lat' dir='ltr'><strong>tum</strong></span> <span class='ocrx_word' id='word_1_96' title='bbox 206 958 267 1010; x_wconf 87' lang='lat' dir='ltr'><strong>hdeh</strong></span> <span class='ocrx_word' id='word_1_97' title='bbox 280 973 331 1009; x_wconf 86' lang='lat' dir='ltr'><strong>cunr</strong></span> <span class='ocrx_word' id='word_1_98' title='bbox 341 973 411 1011; x_wconf 86' lang='lat' dir='ltr'><strong>nxore</strong></span> <span class='ocrx_word' id='word_1_99' title='bbox 427 959 513 1010; x_wconf 87' lang='lat' dir='ltr'><strong>infideli</strong></span> <span class='ocrx_word' id='word_1_100' title='bbox 523 959 599 1022; x_wconf 83' lang='lat' dir='ltr'><strong>judan</strong></span> <span class='ocrx_word' id='word_1_101' title='bbox 609 959 753 1024; x_wconf 82' lang='lat' dir='ltr'><strong>cohabitare,</strong></span> <span class='ocrx_word' id='word_1_102' title='bbox 767 973 811 1011; x_wconf 91' lang='lat' dir='ltr'><strong>nec</strong></span> <span class='ocrx_word' id='word_1_103' title='bbox 826 963 874 1012; x_wconf 88' lang='lat' dir='ltr'><strong>erat</strong></span> <span class='ocrx_word' id='word_1_104' title='bbox 884 974 940 1025; x_wconf 88' lang='lat' dir='ltr'><strong>spes</strong></span> 
     </span>
     <span class='ocr_line' id='line_1_13' title="bbox 140 1029 938 1098; baseline 0.003 -18"><span class='ocrx_word' id='word_1_105' title='bbox 140 1029 169 1082; x_wconf 87' lang='lat' dir='ltr'><strong>de</strong></span> <span class='ocrx_word' id='word_1_106' title='bbox 182 1031 330 1082; x_wconf 85' lang='lat' dir='ltr'><strong>conversione</strong></span> <span class='ocrx_word' id='word_1_107' title='bbox 343 1032 408 1096; x_wconf 72' lang='lat' dir='ltr'><strong>eius,</strong></span> <span class='ocrx_word' id='word_1_108' title='bbox 419 1031 478 1083; x_wconf 91' lang='lat' dir='ltr'><strong>sicut</strong></span> <span class='ocrx_word' id='word_1_109' title='bbox 486 1036 535 1082; x_wconf 86' lang='lat' dir='ltr'><strong>erat</strong></span> <span class='ocrx_word' id='word_1_110' title='bbox 545 1032 574 1098; x_wconf 86' lang='lat' dir='ltr'><strong>de</strong></span> <span class='ocrx_word' id='word_1_111' title='bbox 584 1031 732 1083; x_wconf 76' lang='lat' dir='ltr'><strong>contorsione</strong></span> <span class='ocrx_word' id='word_1_112' title='bbox 743 1031 819 1083; x_wconf 85' lang='lat' dir='ltr'><strong>uxoris</strong></span> <span class='ocrx_word' id='word_1_113' title='bbox 833 1031 938 1095; x_wconf 57' lang='lat' dir='ltr'><strong>gentilis</strong></span> 
     </span>
     <span class='ocr_line' id='line_1_14' title="bbox 140 1099 937 1166; baseline 0.004 -17"><span class='ocrx_word' id='word_1_114' title='bbox 140 1103 164 1150; x_wconf 92' lang='lat' dir='ltr'><strong>et</strong></span> <span class='ocrx_word' id='word_1_115' title='bbox 174 1101 226 1153; x_wconf 89' lang='lat' dir='ltr'><strong>idco</strong></span> <span class='ocrx_word' id='word_1_116' title='bbox 242 1105 298 1153; x_wconf 88' lang='lat' dir='ltr'><strong>tunc</strong></span> <span class='ocrx_word' id='word_1_117' title='bbox 311 1099 385 1154; x_wconf 89' lang='lat' dir='ltr'><strong>fidelis</strong></span> <span class='ocrx_word' id='word_1_118' title='bbox 399 1115 522 1154; x_wconf 86' lang='lat' dir='ltr'><strong>conversus</strong></span> <span class='ocrx_word' id='word_1_119' title='bbox 536 1107 628 1166; x_wconf 91' lang='lat' dir='ltr'><strong>poterat</strong></span> <span class='ocrx_word' id='word_1_120' title='bbox 637 1101 765 1154; x_wconf 82' lang='lat' dir='ltr'><strong>cohabitare</strong></span> <span class='ocrx_word' id='word_1_121' title='bbox 779 1116 831 1152; x_wconf 89' lang='lat' dir='ltr'><strong>cum</strong></span> <span class='ocrx_word' id='word_1_122' title='bbox 845 1102 937 1166; x_wconf 78' lang='lat' dir='ltr'><strong>gentili,</strong></span> 
     </span>
    </p>
   </div>
   <div class='ocr_carea' id='block_1_3' title="bbox 140 1172 1011 1238">
    <p class='ocr_par' dir='ltr' id='par_1_4' title="bbox 140 1172 1011 1238">
     <span class='ocr_line' id='line_1_15' title="bbox 140 1172 1011 1238; baseline 0.002 -16"><span class='ocrx_word' id='word_1_123' title='bbox 140 1173 181 1222; x_wconf 89' lang='lat' dir='ltr'><strong>aed</strong></span> <span class='ocrx_word' id='word_1_124' title='bbox 198 1185 246 1223; x_wconf 92' lang='lat' dir='ltr'><strong>nou</strong></span> <span class='ocrx_word' id='word_1_125' title='bbox 266 1187 317 1224; x_wconf 92' lang='lat' dir='ltr'><strong>cum</strong></span> <span class='ocrx_word' id='word_1_126' title='bbox 334 1174 423 1238; x_wconf 78' lang='lat' dir='ltr'><strong>judaea,</strong></span> <span class='ocrx_word' id='word_1_127' title='bbox 439 1172 484 1224; x_wconf 86' lang='lat' dir='ltr'><strong>nisi</strong></span> <span class='ocrx_word' id='word_1_128' title='bbox 504 1173 677 1226; x_wconf 86' lang='lat' dir='ltr'><strong>conversionem</strong></span> <span class='ocrx_word' id='word_1_129' title='bbox 688 1174 849 1238; x_wconf 88' lang='lat' dir='ltr'><strong>promitteret;</strong></span> <span class='ocrx_word' id='word_1_130' title='bbox 863 1177 887 1224; x_wconf 89' lang='lat' dir='ltr'><strong>et</strong></span> <span class='ocrx_word' id='word_1_131' title='bbox 899 1187 939 1224; x_wconf 89' lang='lat' dir='ltr'><strong>ae·</strong></span> <span class='ocrx_word' id='word_1_132' title='bbox 1010 1189 1011 1194; x_wconf 47' lang='lat'>¹</span> 
     </span>
    </p>
   </div>
   <div class='ocr_carea' id='block_1_4' title="bbox 135 1242 1009 2315">
    <p class='ocr_par' dir='ltr' id='par_1_5' title="bbox 139 1242 939 1524">
     <span class='ocr_line' id='line_1_16' title="bbox 139 1242 939 1310; baseline 0 -14"><span class='ocrx_word' id='word_1_133' title='bbox 139 1242 238 1296; x_wconf 86' lang='lat' dir='ltr'><strong>cundhrn</strong></span> <span class='ocrx_word' id='word_1_134' title='bbox 252 1246 295 1296; x_wconf 91' lang='lat' dir='ltr'><strong>hoc</strong></span> <span class='ocrx_word' id='word_1_135' title='bbox 305 1245 406 1310; x_wconf 85' lang='lat' dir='ltr'><strong>loquitur</strong></span> <span class='ocrx_word' id='word_1_136' title='bbox 415 1247 534 1296; x_wconf 86' lang='lat' dir='ltr'><strong>becrctnm</strong></span> <span class='ocrx_word' id='word_1_137' title='bbox 542 1245 607 1296; x_wconf 89' lang='lat' dir='ltr'><strong>illud.</strong></span> <span class='ocrx_word' id='word_1_138' title='bbox 618 1245 661 1296; x_wconf 84' lang='lat' dir='ltr'><strong>Sed</strong></span> <span class='ocrx_word' id='word_1_139' title='bbox 675 1257 738 1296; x_wconf 90' lang='lat' dir='ltr'><strong>nunc</strong></span> <span class='ocrx_word' id='word_1_140' title='bbox 749 1245 800 1309; x_wconf 91' lang='lat' dir='ltr'><strong>pari</strong></span> <span class='ocrx_word' id='word_1_141' title='bbox 810 1257 879 1310; x_wconf 85' lang='lat' dir='ltr'><strong>passu</strong></span> <span class='ocrx_word' id='word_1_142' title='bbox 888 1257 939 1296; x_wconf 85' lang='lat' dir='ltr'><strong>aaa·</strong></span> 
     </span>
     <span class='ocr_line' id='line_1_17' title="bbox 139 1315 939 1381; baseline 0.001 -15"><span class='ocrx_word' id='word_1_143' title='bbox 139 1315 219 1366; x_wconf 93' lang='lat' dir='ltr'><strong>bulant</strong></span> <span class='ocrx_word' id='word_1_144' title='bbox 230 1317 332 1381; x_wconf 82' lang='lat' dir='ltr'><strong>utrique,</strong></span> <span class='ocrx_word' id='word_1_145' title='bbox 343 1317 432 1368; x_wconf 89' lang='lat' dir='ltr'><strong>scilicet</strong></span> <span class='ocrx_word' id='word_1_146' title='bbox 445 1315 547 1368; x_wconf 84' lang='lat' dir='ltr'><strong>Gentiles</strong></span> <span class='ocrx_word' id='word_1_147' title='bbox 558 1319 581 1367; x_wconf 88' lang='lat' dir='ltr'><strong>at</strong></span> <span class='ocrx_word' id='word_1_148' title='bbox 593 1317 680 1379; x_wconf 80' lang='lat' dir='ltr'><strong>Judaei,</strong></span> <span class='ocrx_word' id='word_1_149' title='bbox 698 1317 750 1380; x_wconf 86' lang='lat' dir='ltr'><strong>quia</strong></span> <span class='ocrx_word' id='word_1_150' title='bbox 762 1316 852 1381; x_wconf 84' lang='lat' dir='ltr'><strong>utrique</strong></span> <span class='ocrx_word' id='word_1_151' title='bbox 866 1316 939 1369; x_wconf 90' lang='lat' dir='ltr'><strong>obsti-</strong></span> 
     </span>
     <span class='ocr_line' id='line_1_18' title="bbox 140 1387 936 1455; baseline 0.006 -18"><span class='ocrx_word' id='word_1_152' title='bbox 140 1387 187 1438; x_wconf 88' lang='lat' dir='ltr'><strong>nati</strong></span> <span class='ocrx_word' id='word_1_153' title='bbox 202 1390 305 1440; x_wconf 87' lang='lat' dir='ltr'><strong>sunt.th</strong></span> <span class='ocrx_word' id='word_1_154' title='bbox 320 1389 380 1454; x_wconf 91' lang='lat' dir='ltr'><strong>ideo,</strong></span> <span class='ocrx_word' id='word_1_155' title='bbox 396 1389 441 1440; x_wconf 88' lang='lat' dir='ltr'><strong>nisi</strong></span> <span class='ocrx_word' id='word_1_156' title='bbox 453 1401 510 1440; x_wconf 82' lang='lat' dir='ltr'><strong>uror</strong></span> <span class='ocrx_word' id='word_1_157' title='bbox 520 1388 733 1440; x_wconf 83' lang='lat' dir='ltr'><strong>inhdeliscoaverti</strong></span> <span class='ocrx_word' id='word_1_158' title='bbox 745 1389 809 1452; x_wconf 89' lang='lat' dir='ltr'><strong>velit,</strong></span> <span class='ocrx_word' id='word_1_159' title='bbox 821 1402 866 1442; x_wconf 91' lang='lat' dir='ltr'><strong>non</strong></span> <span class='ocrx_word' id='word_1_160' title='bbox 880 1403 936 1455; x_wconf 90' lang='lat' dir='ltr'><strong>per·</strong></span> 
     </span>
     <span class='ocr_line' id='line_1_19' title="bbox 139 1459 795 1524; baseline 0.008 -16"><span class='ocrx_word' id='word_1_161' title='bbox 139 1459 238 1512; x_wconf 85' lang='lat' dir='ltr'><strong>mittitur</strong></span> <span class='ocrx_word' id='word_1_162' title='bbox 247 1460 270 1512; x_wconf 91' lang='lat' dir='ltr'><strong>ci</strong></span> <span class='ocrx_word' id='word_1_163' title='bbox 282 1461 420 1524; x_wconf 82' lang='lat' dir='ltr'><strong>cohabitare,</strong></span> <span class='ocrx_word' id='word_1_164' title='bbox 431 1459 480 1512; x_wconf 92' lang='lat' dir='ltr'><strong>sivc</strong></span> <span class='ocrx_word' id='word_1_165' title='bbox 493 1459 524 1512; x_wconf 84' lang='lat' dir='ltr'><strong>sit</strong></span> <span class='ocrx_word' id='word_1_166' title='bbox 536 1459 639 1524; x_wconf 79' lang='lat' dir='ltr'><strong>gentilis,</strong></span> <span class='ocrx_word' id='word_1_167' title='bbox 651 1459 701 1509; x_wconf 87' lang='lat' dir='ltr'><strong>siue</strong></span> <span class='ocrx_word' id='word_1_168' title='bbox 709 1459 795 1524; x_wconf 76' lang='lat' dir='ltr'><strong>iudaea</strong></span> 
     </span>
    </p>

    <p class='ocr_par' dir='ltr' id='par_1_6' title="bbox 136 1530 939 2157">
     <span class='ocr_line' id='line_1_20' title="bbox 171 1530 939 1596; baseline 0.005 -14"><span class='ocrx_word' id='word_1_169' title='bbox 171 1532 205 1582; x_wconf 84' lang='lat' dir='ltr'><strong>hd</strong></span> <span class='ocrx_word' id='word_1_170' title='bbox 221 1531 313 1584; x_wconf 84' lang='lat' dir='ltr'><strong>tertium</strong></span> <span class='ocrx_word' id='word_1_171' title='bbox 336 1531 472 1596; x_wconf 86' lang='lat' dir='ltr'><strong>dicendum,</strong></span> <span class='ocrx_word' id='word_1_172' title='bbox 487 1531 548 1596; x_wconf 87' lang='lat' dir='ltr'><strong>qubd</strong></span> <span class='ocrx_word' id='word_1_173' title='bbox 571 1530 674 1582; x_wconf 84' lang='lat' dir='ltr'><strong>irridebas</strong></span> <span class='ocrx_word' id='word_1_174' title='bbox 692 1544 738 1583; x_wconf 90' lang='lat' dir='ltr'><strong>non</strong></span> <span class='ocrx_word' id='word_1_175' title='bbox 763 1532 872 1596; x_wconf 84' lang='lat' dir='ltr'><strong>baptizati</strong></span> <span class='ocrx_word' id='word_1_176' title='bbox 890 1548 939 1586; x_wconf 90' lang='lat' dir='ltr'><strong>non</strong></span> 
     </span>
     <span class='ocr_line' id='line_1_21' title="bbox 140 1603 938 1670; baseline 0.005 -16"><span class='ocrx_word' id='word_1_177' title='bbox 140 1608 194 1654; x_wconf 86' lang='lat' dir='ltr'><strong>sunt</strong></span> <span class='ocrx_word' id='word_1_178' title='bbox 212 1604 298 1656; x_wconf 89' lang='lat' dir='ltr'><strong>astricti</strong></span> <span class='ocrx_word' id='word_1_179' title='bbox 309 1605 402 1656; x_wconf 90' lang='lat' dir='ltr'><strong>statutis</strong></span> <span class='ocrx_word' id='word_1_180' title='bbox 417 1605 537 1668; x_wconf 74' lang='lat' dir='ltr'><strong>Ecclesia,</strong></span> <span class='ocrx_word' id='word_1_181' title='bbox 549 1605 590 1655; x_wconf 90' lang='lat' dir='ltr'><strong>sed</strong></span> <span class='ocrx_word' id='word_1_182' title='bbox 604 1607 657 1655; x_wconf 90' lang='lat' dir='ltr'><strong>sunt</strong></span> <span class='ocrx_word' id='word_1_183' title='bbox 672 1603 760 1655; x_wconf 89' lang='lat' dir='ltr'><strong>astricti</strong></span> <span class='ocrx_word' id='word_1_184' title='bbox 777 1605 869 1656; x_wconf 89' lang='lat' dir='ltr'><strong>statutis</strong></span> <span class='ocrx_word' id='word_1_185' title='bbox 879 1605 938 1670; x_wconf 88' lang='lat' dir='ltr'><strong>juvis</strong></span> 
     </span>
     <span class='ocr_line' id='line_1_22' title="bbox 140 1673 938 1744; baseline 0.005 -20"><span class='ocrx_word' id='word_1_186' title='bbox 140 1674 221 1726; x_wconf 88' lang='lat' dir='ltr'><strong>divini.</strong></span> <span class='ocrx_word' id='word_1_187' title='bbox 233 1675 331 1739; x_wconf 80' lang='lat' dir='ltr'><strong>litideo,</strong></span> <span class='ocrx_word' id='word_1_188' title='bbox 343 1675 364 1727; x_wconf 88' lang='lat' dir='ltr'><strong>si</strong></span> <span class='ocrx_word' id='word_1_189' title='bbox 372 1675 524 1727; x_wconf 80' lang='lat' dir='ltr'><strong>contraxerint</strong></span> <span class='ocrx_word' id='word_1_190' title='bbox 535 1675 721 1741; x_wconf 83' lang='lat' dir='ltr'><strong>aliquiiufidclcs</strong></span> <span class='ocrx_word' id='word_1_191' title='bbox 734 1673 759 1724; x_wconf 91' lang='lat' dir='ltr'><strong>iu</strong></span> <span class='ocrx_word' id='word_1_192' title='bbox 769 1675 875 1739; x_wconf 77' lang='lat' dir='ltr'><strong>gradibus</strong></span> <span class='ocrx_word' id='word_1_193' title='bbox 883 1690 938 1744; x_wconf 67' lang='lat' dir='ltr'><strong>pro-</strong></span> 
     </span>
     <span class='ocr_line' id='line_1_23' title="bbox 140 1745 937 1812; baseline 0.004 -17"><span class='ocrx_word' id='word_1_194' title='bbox 140 1745 217 1800; x_wconf 85' lang='lat' dir='ltr'><strong>hibitis</strong></span> <span class='ocrx_word' id='word_1_195' title='bbox 233 1746 358 1798; x_wconf 89' lang='lat' dir='ltr'><strong>secundhm</strong></span> <span class='ocrx_word' id='word_1_196' title='bbox 365 1747 438 1812; x_wconf 75' lang='lat' dir='ltr'><strong>legem</strong></span> <span class='ocrx_word' id='word_1_197' title='bbox 447 1747 562 1811; x_wconf 86' lang='lat' dir='ltr'><strong>divinam,</strong></span> <span class='ocrx_word' id='word_1_198' title='bbox 575 1748 666 1804; x_wconf 73' lang='lat' dir='ltr'><strong>Lecti„</strong></span> <span class='ocrx_word' id='word_1_199' title='bbox 677 1745 757 1810; x_wconf 82' lang='lat' dir='ltr'><strong>xllll,</strong></span> <span class='ocrx_word' id='word_1_200' title='bbox 768 1746 818 1798; x_wconf 88' lang='lat' dir='ltr'><strong>sive</strong></span> <span class='ocrx_word' id='word_1_201' title='bbox 830 1750 937 1812; x_wconf 83' lang='lat' dir='ltr'><strong>uterque,</strong></span> 
     </span>
     <span class='ocr_line' id='line_1_24' title="bbox 139 1817 937 1883; baseline 0.005 -16"><span class='ocrx_word' id='word_1_202' title='bbox 139 1817 189 1868; x_wconf 89' lang='lat' dir='ltr'><strong>sive</strong></span> <span class='ocrx_word' id='word_1_203' title='bbox 202 1819 259 1869; x_wconf 87' lang='lat' dir='ltr'><strong>alter</strong></span> <span class='ocrx_word' id='word_1_204' title='bbox 273 1819 302 1870; x_wconf 90' lang='lat' dir='ltr'><strong>ad</strong></span> <span class='ocrx_word' id='word_1_205' title='bbox 314 1819 381 1871; x_wconf 77' lang='lat' dir='ltr'><strong>ladem</strong></span> <span class='ocrx_word' id='word_1_206' title='bbox 392 1822 551 1883; x_wconf 87' lang='lat' dir='ltr'><strong>convertatur,</strong></span> <span class='ocrx_word' id='word_1_207' title='bbox 562 1831 609 1870; x_wconf 89' lang='lat' dir='ltr'><strong>non</strong></span> <span class='ocrx_word' id='word_1_208' title='bbox 619 1823 717 1882; x_wconf 85' lang='lat' dir='ltr'><strong>pessunt</strong></span> <span class='ocrx_word' id='word_1_209' title='bbox 730 1819 754 1868; x_wconf 92' lang='lat' dir='ltr'><strong>in</strong></span> <span class='ocrx_word' id='word_1_210' title='bbox 765 1818 806 1869; x_wconf 93' lang='lat' dir='ltr'><strong>tali</strong></span> <span class='ocrx_word' id='word_1_211' title='bbox 816 1819 937 1871; x_wconf 74' lang='lat' dir='ltr'><strong>malumn-</strong></span> 
     </span>
     <span class='ocr_line' id='line_1_25' title="bbox 139 1888 938 1956; baseline 0.004 -16"><span class='ocrx_word' id='word_1_212' title='bbox 139 1888 177 1941; x_wconf 90' lang='lat' dir='ltr'><strong>nio</strong></span> <span class='ocrx_word' id='word_1_213' title='bbox 189 1902 339 1941; x_wconf 88' lang='lat' dir='ltr'><strong>commanere.</strong></span> <span class='ocrx_word' id='word_1_214' title='bbox 350 1892 374 1942; x_wconf 85' lang='lat' dir='ltr'><strong>Si</strong></span> <span class='ocrx_word' id='word_1_215' title='bbox 391 1895 467 1943; x_wconf 89' lang='lat' dir='ltr'><strong>autem</strong></span> <span class='ocrx_word' id='word_1_216' title='bbox 480 1890 633 1942; x_wconf 71' lang='lat' dir='ltr'><strong>contraxerint</strong></span> <span class='ocrx_word' id='word_1_217' title='bbox 648 1891 672 1940; x_wconf 87' lang='lat' dir='ltr'><strong>in</strong></span> <span class='ocrx_word' id='word_1_218' title='bbox 689 1889 797 1956; x_wconf 74' lang='lat' dir='ltr'><strong>gradibus</strong></span> <span class='ocrx_word' id='word_1_219' title='bbox 814 1890 938 1956; x_wconf 86' lang='lat' dir='ltr'><strong>prohibitis</strong></span> 
     </span>
     <span class='ocr_line' id='line_1_26' title="bbox 136 1962 934 2028; baseline 0.005 -18"><span class='ocrx_word' id='word_1_220' title='bbox 136 1973 179 2024; x_wconf 92' lang='lat' dir='ltr'><strong>per</strong></span> <span class='ocrx_word' id='word_1_221' title='bbox 192 1965 301 2011; x_wconf 88' lang='lat' dir='ltr'><strong>statutum</strong></span> <span class='ocrx_word' id='word_1_222' title='bbox 315 1962 440 2026; x_wconf 81' lang='lat' dir='ltr'><strong>Ecclesia,</strong></span> <span class='ocrx_word' id='word_1_223' title='bbox 453 1965 552 2028; x_wconf 88' lang='lat' dir='ltr'><strong>possunt</strong></span> <span class='ocrx_word' id='word_1_224' title='bbox 563 1973 722 2027; x_wconf 86' lang='lat' dir='ltr'><strong>commanere,</strong></span> <span class='ocrx_word' id='word_1_225' title='bbox 734 1963 755 2014; x_wconf 89' lang='lat' dir='ltr'><strong>sl</strong></span> <span class='ocrx_word' id='word_1_226' title='bbox 772 1966 867 2026; x_wconf 84' lang='lat' dir='ltr'><strong>uterque</strong></span> <span class='ocrx_word' id='word_1_227' title='bbox 879 1975 934 2014; x_wconf 88' lang='lat' dir='ltr'><strong>con-</strong></span> 
     </span>
     <span class='ocr_line' id='line_1_27' title="bbox 137 2032 937 2100; baseline 0.008 -18"><span class='ocrx_word' id='word_1_228' title='bbox 137 2036 252 2097; x_wconf 88' lang='lat' dir='ltr'><strong>vertatur,</strong></span> <span class='ocrx_word' id='word_1_229' title='bbox 261 2033 298 2085; x_wconf 87' lang='lat' dir='ltr'><strong>val</strong></span> <span class='ocrx_word' id='word_1_230' title='bbox 312 2032 346 2098; x_wconf 90' lang='lat' dir='ltr'><strong>si,</strong></span> <span class='ocrx_word' id='word_1_231' title='bbox 360 2048 406 2085; x_wconf 94' lang='lat' dir='ltr'><strong>uno</strong></span> <span class='ocrx_word' id='word_1_232' title='bbox 417 2047 539 2100; x_wconf 80' lang='lat' dir='ltr'><strong>maverso,</strong></span> <span class='ocrx_word' id='word_1_233' title='bbox 554 2033 585 2086; x_wconf 90' lang='lat' dir='ltr'><strong>sit</strong></span> <span class='ocrx_word' id='word_1_234' title='bbox 602 2047 657 2099; x_wconf 89' lang='lat' dir='ltr'><strong>spes</strong></span> <span class='ocrx_word' id='word_1_235' title='bbox 669 2035 697 2086; x_wconf 87' lang='lat' dir='ltr'><strong>de</strong></span> <span class='ocrx_word' id='word_1_236' title='bbox 712 2034 862 2088; x_wconf 76' lang='lat' dir='ltr'><strong>conversione</strong></span> <span class='ocrx_word' id='word_1_237' title='bbox 879 2035 937 2088; x_wconf 84' lang='lat' dir='ltr'><strong>alte-</strong></span> 
     </span>
     <span class='ocr_line' id='line_1_28' title="bbox 137 2119 193 2157; baseline 0.071 -4"><span class='ocrx_word' id='word_1_238' title='bbox 137 2119 193 2157; x_wconf 89' lang='lat' dir='ltr'><strong>rrus.</strong></span> 
     </span>
    </p>

    <p class='ocr_par' dir='ltr' id='par_1_7' title="bbox 135 2167 1009 2315">
     <span class='ocr_line' id='line_1_29' title="bbox 168 2167 1009 2244; baseline 0.002 -14"><span class='ocrx_word' id='word_1_239' title='bbox 168 2178 201 2230; x_wconf 86' lang='lat' dir='ltr'><strong>ld</strong></span> <span class='ocrx_word' id='word_1_240' title='bbox 214 2182 319 2244; x_wconf 68' lang='lat' dir='ltr'><strong>quadum</strong></span> <span class='ocrx_word' id='word_1_241' title='bbox 333 2178 466 2243; x_wconf 86' lang='lat' dir='ltr'><strong>dicendum,</strong></span> <span class='ocrx_word' id='word_1_242' title='bbox 482 2177 542 2243; x_wconf 80' lang='lat' dir='ltr'><strong>qubd</strong></span> <span class='ocrx_word' id='word_1_243' title='bbox 553 2178 637 2230; x_wconf 86' lang='lat' dir='ltr'><strong>habere</strong></span> <span class='ocrx_word' id='word_1_244' title='bbox 648 2178 726 2243; x_wconf 87' lang='lat' dir='ltr'><strong>plures</strong></span> <span class='ocrx_word' id='word_1_245' title='bbox 739 2191 823 2231; x_wconf 85' lang='lat' dir='ltr'><strong>uxores</strong></span> <span class='ocrx_word' id='word_1_246' title='bbox 834 2182 870 2232; x_wconf 88' lang='lat' dir='ltr'><strong>cst</strong></span> <span class='ocrx_word' id='word_1_247' title='bbox 882 2193 936 2232; x_wconf 87' lang='lat' dir='ltr'><strong>ccu-</strong></span> <span class='ocrx_word' id='word_1_248' title='bbox 1008 2167 1009 2179; x_wconf 50' lang='lat'>¹</span> 
     </span>
     <span class='ocr_line' id='line_1_30' title="bbox 135 2249 936 2315; baseline 0.005 -15"><span class='ocrx_word' id='word_1_249' title='bbox 135 2253 169 2300; x_wconf 93' lang='lat' dir='ltr'><strong>tra</strong></span> <span class='ocrx_word' id='word_1_250' title='bbox 180 2249 254 2315; x_wconf 77' lang='lat' dir='ltr'><strong>legem</strong></span> <span class='ocrx_word' id='word_1_251' title='bbox 264 2254 359 2313; x_wconf 81' lang='lat' dir='ltr'><strong>nature,</strong></span> <span class='ocrx_word' id='word_1_252' title='bbox 370 2250 408 2300; x_wconf 92' lang='lat' dir='ltr'><strong>cui</strong></span> <span class='ocrx_word' id='word_1_253' title='bbox 417 2250 486 2302; x_wconf 90' lang='lat' dir='ltr'><strong>ctiam</strong></span> <span class='ocrx_word' id='word_1_254' title='bbox 497 2250 603 2303; x_wconf 80' lang='lat' dir='ltr'><strong>infideles</strong></span> <span class='ocrx_word' id='word_1_255' title='bbox 615 2255 670 2302; x_wconf 85' lang='lat' dir='ltr'><strong>sunt</strong></span> <span class='ocrx_word' id='word_1_256' title='bbox 679 2251 774 2302; x_wconf 85' lang='lat' dir='ltr'><strong>astricti.</strong></span> <span class='ocrx_word' id='word_1_257' title='bbox 785 2252 815 2301; x_wconf 84' lang='lat' dir='ltr'><strong>lit</strong></span> <span class='ocrx_word' id='word_1_258' title='bbox 822 2249 875 2303; x_wconf 88' lang='lat' dir='ltr'><strong>ideo</strong></span> <span class='ocrx_word' id='word_1_259' title='bbox 888 2265 936 2304; x_wconf 89' lang='lat' dir='ltr'><strong>non</strong></span> 
     </span>
    </p>
   </div>
   <div class='ocr_carea' id='block_1_5' title="bbox 136 2321 1008 2388">
    <p class='ocr_par' dir='ltr' id='par_1_8' title="bbox 136 2321 1008 2388">
     <span class='ocr_line' id='line_1_31' title="bbox 136 2321 1008 2388; baseline 0.006 -17"><span class='ocrx_word' id='word_1_260' title='bbox 136 2325 171 2371; x_wconf 88' lang='lat' dir='ltr'><strong>est</strong></span> <span class='ocrx_word' id='word_1_261' title='bbox 191 2335 270 2373; x_wconf 88' lang='lat' dir='ltr'><strong>uarum</strong></span> <span class='ocrx_word' id='word_1_262' title='bbox 292 2323 461 2374; x_wconf 86' lang='lat' dir='ltr'><strong>matrimonium</strong></span> <span class='ocrx_word' id='word_1_263' title='bbox 482 2322 599 2385; x_wconf 82' lang='lat' dir='ltr'><strong>infidelis,</strong></span> <span class='ocrx_word' id='word_1_264' title='bbox 619 2321 666 2374; x_wconf 88' lang='lat' dir='ltr'><strong>nisi</strong></span> <span class='ocrx_word' id='word_1_265' title='bbox 685 2338 738 2375; x_wconf 88' lang='lat' dir='ltr'><strong>cum</strong></span> <span class='ocrx_word' id='word_1_266' title='bbox 756 2323 796 2373; x_wconf 90' lang='lat' dir='ltr'><strong>illa</strong></span> <span class='ocrx_word' id='word_1_267' title='bbox 811 2337 869 2374; x_wconf 85' lang='lat' dir='ltr'><strong>cum</strong></span> <span class='ocrx_word' id='word_1_268' title='bbox 890 2339 936 2388; x_wconf 82' lang='lat' dir='ltr'><strong>qun</strong></span> <span class='ocrx_word' id='word_1_269' title='bbox 998 2329 1008 2340; x_wconf 76' lang='grc'><strong>“</strong></span> 
     </span>
    </p>
   </div>
   <div class='ocr_carea' id='block_1_6' title="bbox 131 2392 936 2889">
    <p class='ocr_par' dir='ltr' id='par_1_9' title="bbox 131 2392 936 2889">
     <span class='ocr_line' id='line_1_32' title="bbox 135 2392 936 2460; baseline 0.009 -18"><span class='ocrx_word' id='word_1_270' title='bbox 135 2392 208 2455; x_wconf 90' lang='lat' dir='ltr'><strong>primd</strong></span> <span class='ocrx_word' id='word_1_271' title='bbox 222 2394 343 2446; x_wconf 81' lang='lat' dir='ltr'><strong>contraxit.</strong></span> <span class='ocrx_word' id='word_1_272' title='bbox 364 2395 441 2459; x_wconf 87' lang='lat' dir='ltr'><strong>Unde,</strong></span> <span class='ocrx_word' id='word_1_273' title='bbox 458 2394 478 2445; x_wconf 88' lang='lat' dir='ltr'><strong>si</strong></span> <span class='ocrx_word' id='word_1_274' title='bbox 495 2395 544 2460; x_wconf 86' lang='lat' dir='ltr'><strong>ipsc</strong></span> <span class='ocrx_word' id='word_1_275' title='bbox 564 2407 618 2445; x_wconf 90' lang='lat' dir='ltr'><strong>eum</strong></span> <span class='ocrx_word' id='word_1_276' title='bbox 638 2395 743 2447; x_wconf 88' lang='lat' dir='ltr'><strong>omnibus</strong></span> <span class='ocrx_word' id='word_1_277' title='bbox 760 2395 808 2446; x_wconf 90' lang='lat' dir='ltr'><strong>suis</strong></span> <span class='ocrx_word' id='word_1_278' title='bbox 826 2395 936 2449; x_wconf 82' lang='lat' dir='ltr'><strong>uxoribus</strong></span> 
     </span>
     <span class='ocr_line' id='line_1_33' title="bbox 134 2463 934 2531; baseline 0.008 -18"><span class='ocrx_word' id='word_1_279' title='bbox 134 2469 292 2529; x_wconf 84' lang='lat' dir='ltr'><strong>convertatur,</strong></span> <span class='ocrx_word' id='word_1_280' title='bbox 306 2469 382 2530; x_wconf 91' lang='lat' dir='ltr'><strong>potest</strong></span> <span class='ocrx_word' id='word_1_281' title='bbox 395 2478 447 2516; x_wconf 93' lang='lat' dir='ltr'><strong>cum</strong></span> <span class='ocrx_word' id='word_1_282' title='bbox 462 2463 537 2531; x_wconf 91' lang='lat' dir='ltr'><strong>prima</strong></span> <span class='ocrx_word' id='word_1_283' title='bbox 549 2479 692 2518; x_wconf 87' lang='lat' dir='ltr'><strong>commanere</strong></span> <span class='ocrx_word' id='word_1_284' title='bbox 701 2469 739 2528; x_wconf 87' lang='lat' dir='ltr'><strong>,ct</strong></span> <span class='ocrx_word' id='word_1_285' title='bbox 751 2465 807 2516; x_wconf 91' lang='lat' dir='ltr'><strong>alias</strong></span> <span class='ocrx_word' id='word_1_286' title='bbox 816 2466 884 2518; x_wconf 87' lang='lat' dir='ltr'><strong>debet</strong></span> <span class='ocrx_word' id='word_1_287' title='bbox 892 2469 934 2519; x_wconf 92' lang='lat' dir='ltr'><strong>ab·</strong></span> 
     </span>
     <span class='ocr_line' id='line_1_34' title="bbox 132 2533 934 2602; baseline 0.011 -20"><span class='ocrx_word' id='word_1_288' title='bbox 132 2533 221 2599; x_wconf 80' lang='lat' dir='ltr'><strong>jicere3</strong></span> <span class='ocrx_word' id='word_1_289' title='bbox 239 2535 260 2587; x_wconf 90' lang='lat' dir='ltr'><strong>si</strong></span> <span class='ocrx_word' id='word_1_290' title='bbox 279 2541 356 2588; x_wconf 89' lang='lat' dir='ltr'><strong>autem</strong></span> <span class='ocrx_word' id='word_1_291' title='bbox 371 2536 445 2602; x_wconf 89' lang='lat' dir='ltr'><strong>prima</strong></span> <span class='ocrx_word' id='word_1_292' title='bbox 458 2537 559 2590; x_wconf 89' lang='lat' dir='ltr'><strong>converti</strong></span> <span class='ocrx_word' id='word_1_293' title='bbox 572 2537 687 2602; x_wconf 87' lang='lat' dir='ltr'><strong>noluerit,</strong></span> <span class='ocrx_word' id='word_1_294' title='bbox 704 2541 728 2589; x_wconf 88' lang='lat' dir='ltr'><strong>ct</strong></span> <span class='ocrx_word' id='word_1_295' title='bbox 748 2537 823 2602; x_wconf 84' lang='lat' dir='ltr'><strong>ahqua</strong></span> <span class='ocrx_word' id='word_1_296' title='bbox 838 2538 934 2592; x_wconf 80' lang='lat' dir='ltr'><strong>alhaum</strong></span> 
     </span>
     <span class='ocr_line' id='line_1_35' title="bbox 133 2607 933 2678; baseline 0.011 -23"><span class='ocrx_word' id='word_1_297' title='bbox 133 2610 293 2670; x_wconf 85' lang='lat' dir='ltr'><strong>convertatur,</strong></span> <span class='ocrx_word' id='word_1_298' title='bbox 306 2607 367 2660; x_wconf 91' lang='lat' dir='ltr'><strong>idem</strong></span> <span class='ocrx_word' id='word_1_299' title='bbox 383 2609 422 2672; x_wconf 81' lang='lat' dir='ltr'><strong>jhs</strong></span> <span class='ocrx_word' id='word_1_300' title='bbox 437 2609 507 2661; x_wconf 89' lang='lat' dir='ltr'><strong>habel</strong></span> <span class='ocrx_word' id='word_1_301' title='bbox 525 2609 675 2661; x_wconf 88' lang='lat' dir='ltr'><strong>contrahendi</strong></span> <span class='ocrx_word' id='word_1_302' title='bbox 694 2621 744 2660; x_wconf 93' lang='lat' dir='ltr'><strong>cnm</strong></span> <span class='ocrx_word' id='word_1_303' title='bbox 762 2608 801 2660; x_wconf 93' lang='lat' dir='ltr'><strong>illa</strong></span> <span class='ocrx_word' id='word_1_304' title='bbox 816 2611 845 2662; x_wconf 86' lang='lat' dir='ltr'><strong>dc</strong></span> <span class='ocrx_word' id='word_1_305' title='bbox 859 2623 933 2678; x_wconf 86' lang='lat' dir='ltr'><strong>novo,</strong></span> 
     </span>
     <span class='ocr_line' id='line_1_36' title="bbox 133 2679 830 2747; baseline 0.009 -19"><span class='ocrx_word' id='word_1_306' title='bbox 133 2680 193 2742; x_wconf 82' lang='lat' dir='ltr'><strong>quod</strong></span> <span class='ocrx_word' id='word_1_307' title='bbox 206 2692 260 2730; x_wconf 89' lang='lat' dir='ltr'><strong>cnm</strong></span> <span class='ocrx_word' id='word_1_308' title='bbox 273 2679 317 2730; x_wconf 89' lang='lat' dir='ltr'><strong>alia</strong></span> <span class='ocrx_word' id='word_1_309' title='bbox 331 2681 437 2746; x_wconf 74' lang='lat' dir='ltr'><strong>haberet,</strong></span> <span class='ocrx_word' id='word_1_310' title='bbox 449 2682 477 2732; x_wconf 89' lang='lat' dir='ltr'><strong>de</strong></span> <span class='ocrx_word' id='word_1_311' title='bbox 490 2694 536 2745; x_wconf 84' lang='lat' dir='ltr'><strong>quo</strong></span> <span class='ocrx_word' id='word_1_312' title='bbox 549 2685 600 2747; x_wconf 89' lang='lat' dir='ltr'><strong>post</strong></span> <span class='ocrx_word' id='word_1_313' title='bbox 615 2681 703 2733; x_wconf 89' lang='lat' dir='ltr'><strong>dicetur</strong></span> <span class='ocrx_word' id='word_1_314' title='bbox 716 2683 773 2746; x_wconf 89' lang='lat' dir='ltr'><strong>(art.</strong></span> <span class='ocrx_word' id='word_1_315' title='bbox 789 2681 830 2746; x_wconf 79' lang='lat'><strong>5).</strong></span> 
     </span>
     <span class='ocr_line' id='line_1_37' title="bbox 164 2751 933 2819; baseline 0.009 -18"><span class='ocrx_word' id='word_1_316' title='bbox 164 2751 316 2817; x_wconf 74' lang='lat' dir='ltr'><strong>nequinum</strong></span> <span class='ocrx_word' id='word_1_317' title='bbox 334 2753 468 2819; x_wconf 89' lang='lat' dir='ltr'><strong>dicendum,</strong></span> <span class='ocrx_word' id='word_1_318' title='bbox 487 2752 548 2814; x_wconf 80' lang='lat' dir='ltr'><strong>qubd</strong></span> <span class='ocrx_word' id='word_1_319' title='bbox 568 2751 688 2818; x_wconf 89' lang='lat' dir='ltr'><strong>repudium</strong></span> <span class='ocrx_word' id='word_1_320' title='bbox 700 2752 779 2804; x_wconf 83' lang='lat' dir='ltr'><strong>uxoris</strong></span> <span class='ocrx_word' id='word_1_321' title='bbox 799 2757 836 2804; x_wconf 86' lang='lat' dir='ltr'><strong>est</strong></span> <span class='ocrx_word' id='word_1_322' title='bbox 852 2759 933 2808; x_wconf 85' lang='lat' dir='ltr'><strong>eontra</strong></span> 
     </span>
     <span class='ocr_line' id='line_1_38' title="bbox 131 2820 933 2889; baseline 0.01 -17"><span class='ocrx_word' id='word_1_323' title='bbox 131 2820 206 2887; x_wconf 70' lang='lat' dir='ltr'><strong>legem</strong></span> <span class='ocrx_word' id='word_1_324' title='bbox 222 2827 318 2877; x_wconf 82' lang='lat' dir='ltr'><strong>naturae.</strong></span> <span class='ocrx_word' id='word_1_325' title='bbox 331 2825 396 2878; x_wconf 82' lang='lat' dir='ltr'><strong>Unde</strong></span> <span class='ocrx_word' id='word_1_326' title='bbox 413 2825 569 2884; x_wconf 79' lang='lat' dir='ltr'><strong>indichnon</strong></span> <span class='ocrx_word' id='word_1_327' title='bbox 581 2824 634 2878; x_wconf 87' lang='lat' dir='ltr'><strong>licet</strong></span> <span class='ocrx_word' id='word_1_328' title='bbox 646 2837 740 2876; x_wconf 85' lang='lat' dir='ltr'><strong>uxorem</strong></span> <span class='ocrx_word' id='word_1_329' title='bbox 760 2825 888 2889; x_wconf 82' lang='lat' dir='ltr'><strong>repudiare.</strong></span> <span class='ocrx_word' id='word_1_330' title='bbox 903 2829 933 2880; x_wconf 81' lang='lat' dir='ltr'><strong>lit</strong></span> 
     </span>
    </p>
   </div>
   <div class='ocr_carea' id='block_1_7' title="bbox 132 2893 932 3050">
    <p class='ocr_par' dir='ltr' id='par_1_10' title="bbox 132 2893 932 3050">
     <span class='ocr_line' id='line_1_39' title="bbox 132 2893 932 2968; baseline 0.029 -23"><span class='ocrx_word' id='word_1_331' title='bbox 132 2893 185 2961; x_wconf 89' lang='lat' dir='ltr'><strong>deo,</strong></span> <span class='ocrx_word' id='word_1_332' title='bbox 199 2893 379 2953; x_wconf 82' lang='lat' dir='ltr'><strong>sicomertatnr</strong></span> <span class='ocrx_word' id='word_1_333' title='bbox 392 2896 577 2965; x_wconf 58' lang='lat' dir='ltr'><strong>mahummet</strong></span> <span class='ocrx_word' id='word_1_334' title='bbox 588 2895 719 2965; x_wconf 65' lang='lat' dir='ltr'><strong>repudiata,</strong></span> <span class='ocrx_word' id='word_1_335' title='bbox 728 2896 822 2952; x_wconf 62' lang='lat' dir='ltr'><strong>illim</strong></span> <span class='ocrx_word' id='word_1_336' title='bbox 830 2897 932 2968; x_wconf 62' lang='lat' dir='ltr'><strong>lviiii,</strong></span> 
     </span>
     <span class='ocr_line' id='line_1_40' title="bbox 244 3014 251 3050; baseline 0 0"><span class='ocrx_word' id='word_1_337' title='bbox 244 3014 251 3050; x_wconf 84' lang='lat' dir='ltr'><strong>i</strong></span> 
     </span>
    </p>
   </div>
   <div class='ocr_carea' id='block_1_8' title="bbox 0 0 1016 3328">
    <p class='ocr_par' dir='ltr' id='par_1_11' title="bbox 0 0 1016 3328">
     <span class='ocr_line' id='line_1_41' title="bbox 0 0 1016 3328; baseline 0 2"><span class='ocrx_word' id='word_1_338' title='bbox 0 0 1016 3328; x_wconf 95' lang='lat' dir='ltr'><strong> </strong></span> 
     </span>
    </p>
   </div>
  </div>
 </body>
</html>
