1922 3332
234 67 270 104 oa
285 67 341 106 mua
357 38 452 106 auriam
469 67 701 109 couauaaaarrorus.
824 63 869 111 tta

301 227 467 352 OUAESTIO
485 283 623 348 LXXVI.

92 426 130 474 Do
142 429 202 486 iprae
223 427 317 474 ultimo
335 426 553 544 ooafloplrutr'orrir,
567 429 597 472 r'rr
610 439 696 474 nouam
715 429 834 475 articulos

197 509 202 515 ·
436 500 510 546 iutro.

88 650 178 702 Deinde
199 649 387 700 considerandum·
404 652 441 700 ort
453 649 481 700 da
499 649 552 712 igue
574 647 660 702 ultima
681 649 864 714 conflagrationis

53 723 150 774 mundi.
309 751 311 758 .

85 795 156 847 Circa
166 794 226 858 quod
238 797 371 857 quarunrur
379 805 461 844 aorem
474 808 480 842 :
496 793 521 840 1·
534 789 614 842 Utrum
624 791 699 856 aitqua
714 795 793 845 muudi
806 809 863 859 par·

49 867 119 930 patio
142 867 172 917 sit
191 866 274 915 sutura.
289 869 316 914 2⁰
329 865 409 916 Uirium
431 864 461 914 ait
479 865 557 914 futura
577 865 717 928 perignem.
733 870 760 914 3ο
781 866 861 917 Utrum

48 938 89 988 iilo
99 937 165 1002 ignia
176 937 207 986 sit
219 937 323 1000 ejusdam
339 935 424 1000 spetiei
443 943 496 986 oum
509 935 563 1000 iguo
580 936 723 988 elementari.
740 939 767 986 t⁰
780 937 860 988 Utrum

47 1009 115 1073 iguis
124 1009 168 1060 iiie
177 1008 207 1058 aii
222 1007 292 1058 otiam
305 1008 376 1060 oratos
384 1009 514 1074 superiores
527 1011 673 1072 purgaturus.
683 1011 710 1057 5⁰
723 1007 804 1063 Utrum
820 1009 859 1060 illo

46 1081 112 1144 iguis
126 1081 158 1132 sit
166 1079 210 1130 alia
219 1080 522 1146 alemantaoousumpiarus.
532 1085 559 1130 6⁰
570 1080 651 1132 Uirium
660 1080 737 1130 omnia
746 1081 860 1132 alamania

47 1154 78 1203 sit
96 1156 247 1218 purgaturus.
259 1155 285 1202 ‘1⁶
295 1153 375 1203 Utrum
388 1153 427 1203 illo
440 1151 502 1218 iguis
514 1153 628 1218 prmoedat
640 1151 753 1216 judicium
766 1153 804 1202 roi
814 1165 858 1206 aa·

46 1231 145 1286 quatur.
161 1223 282 1275 aratrum
296 1237 337 1288 par
349 1223 413 1274 illam
430 1224 507 1286 ianam
522 1224 672 1276 consumendi
683 1223 730 1274 siat
742 1223 857 1276 homitias.

47 1299 76 1344 9⁰
90 1295 175 1347 Utrum
196 1309 237 1360 par
253 1294 319 1346 iilum
332 1294 466 1346 involvendi
481 1295 533 1346 aiut·
541 1294 638 1359 reprobi.

358 1472 519 1526 ARTICULUS
536 1475 556 1524 1.
570 1477 573 1504 ³

200 1591 202 1596 ’
231 1601 314 1645 Utrum
324 1599 409 1644 muntii
418 1599 532 1657 purpatio
542 1600 575 1644 aii
582 1599 683 1654 flatura}

78 1730 115 1780 ad
130 1728 231 1794 primum
247 1727 280 1778 sio
295 1727 434 1791 proceditur.
444 1725 539 1776 Videtur
553 1725 614 1789 quod
627 1725 690 1776 nullu
704 1725 782 1777 mundi
797 1739 855 1792 pur-

46 1802 110 1865 gatio
121 1801 154 1852 sit
169 1799 254 1850 sutura.
266 1799 318 1849 Noa
332 1798 393 1848 anim
405 1797 539 1862 purgatione
559 1797 662 1864 indiget,
678 1796 723 1848 nisi
741 1798 802 1862 quari
818 1801 855 1848 est

46 1871 203 1923 immundum.
215 1867 260 1922 Std
279 1873 388 1920 creatura
403 1870 444 1920 ori
457 1883 504 1921 auo
513 1869 714 1934 suatimmuadae3
727 1871 788 1921 uado
797 1869 854 1920 dioi-

46 1947 83 1993 tm
95 1945 165 2002 Ari„
177 1944 198 1993 Χ
212 1958 217 1992 ;
232 1959 246 1991 u
263 1941 327 2000 Quod
342 1943 402 1992 Deua
414 1941 555 2006 purificavit,
567 1945 594 1992 ta
605 1937 724 1993 ooinmuua
737 1953 767 1993 aa
785 1941 853 1992 dixe-

47 2016 89 2079 ris,
103 2031 117 2062 »
128 2015 154 2064 id
167 2018 203 2066 eat
222 2013 398 2064 immundum.
417 2013 478 2078 Ergo
495 2017 604 2066 oroaiorm
618 2013 697 2064 mundi
709 2025 754 2064 aon
770 2025 853 2077 parga-

47 2086 142 2138 buutur.
534 2103 537 2110 ·

79 2167 104 2212 2.
122 2162 250 2220 Praeterea‚-
266 2158 372 2223 purgatio
386 2157 511 2210 secuudum
524 2159 624 2210 diuinam
636 2158 748 2222 justitam
756 2158 851 2210 ordina-

47 2235 84 2282 tur
95 2233 124 2283 ad
141 2231 294 2281 auferendam*
300 2229 467 2280 immunditiam
482 2230 567 2295 culpo,
582 2231 642 2282 siout
654 2233 717 2294 putat
729 2229 757 2281 da
768 2235 851 2294 purgu-

47 2305 113 2358 tiono
125 2306 179 2370 poat
189 2305 295 2352 mortam.
306 2300 351 2352 Sed
364 2303 389 2352 iu
400 2301 518 2353 oiamautis
529 2303 600 2367 hujus
610 2302 691 2352 muudi
701 2302 764 2352 nulla
775 2305 851 2365 potari

46 2389 98 2428 esso
112 2375 185 2438 culpa
204 2373 307 2424 intortio.
323 2373 383 2438 Ergo
399 2373 489 2424 vitatur
503 2373 564 2437 quod
582 2373 717 2438 purgatione
730 2383 777 2424 aon
787 2371 849 2423 iadi-

48 2453 125 2512 aeaut.
178 2491 181 2498 .

78 2525 102 2570 3.
117 2521 248 2582 Praeterea,
266 2519 446 2583 unumquodque
457 2517 540 2569 dicitur
552 2516 660 2582 purgari,
675 2517 766 2580 quaudo
782 2529 848 2580 sepa·

48 2595 108 2643 ratur
125 2592 149 2642 iul
164 2591 224 2654 quod
238 2593 273 2642 eat
290 2593 423 2641 extraneum
436 2590 464 2640 ait
480 2589 540 2654 ipso,
552 2589 666 2640 -iaduoons
679 2588 705 2638 iu
715 2599 743 2640 eo
759 2588 848 2654 igaoiri·

48 2661 151 2728 litatem3
165 2661 277 2728 separatio
297 2661 358 2712 enim
373 2662 425 2725 ojus
441 2662 501 2726 quod
522 2659 784 2722 nouititaumtinuoott,
801 2667 848 2713 aon

52 2733 131 2785 dicitur
142 2735 259 2800 purgatio,
275 2735 315 2784 sod
329 2733 401 2796 magis
420 2733 548 2786 diminutio.
562 2733 607 2784 Sed
623 2733 668 2784 hoo
682 2733 710 2783 ad
723 2733 849 2798 porrectio-

53 2819 103 2858 mm
116 2812 140 2858 et
152 2807 293 2858 nobilitatem
304 2805 468 2858 elementorum
482 2805 591 2870 partinet,
605 2805 666 2866 quod
678 2805 764 2871 aliquid
776 2809 851 2864 extra!
