1932 3330
250 191 282 232 DE
298 189 436 230 impletis
451 187 610 230 montuosus.
786 185 832 233 363

36 273 85 323 dum
95 272 216 333 uiuerent,
226 271 255 322 de
266 268 402 334 sepeliendis
413 268 528 319 ueletiam
539 268 702 320 transferendis
718 269 767 320 suis
785 285 835 322 eor·

35 345 140 408 poribus,
155 342 209 392 liliis
228 342 399 393 mandaverunt.
412 356 426 388 ιι
435 341 479 391 Sed
488 341 532 393 boc
546 355 592 392 non
603 341 726 405 iecissent,
737 343 783 394 nisi
797 357 834 394 se-

35 417 122 478 pultura
137 414 301 478 etbansmodi
315 412 399 475 aliquid
412 411 506 462 mortuis
518 413 658 464 coulerreut.
673 415 732 478 Ergo
749 415 836 480 hujus-

34 487 91 536 modi
106 486 195 551 aliquid
211 487 307 550 prosunt
318 481 440 534 deducetis.

61 563 84 607 a.
98 560 230 619 Praeterea,
245 557 320 608 nullus
333 557 388 606 lacit
401 555 573 621 eleemosynam
583 555 646 626 cirea
660 557 773 622 aliquem,
790 559 835 610 nisi

32 631 51 682 ei
62 631 177 696 proficiat.
190 631 236 682 Sed
244 629 339 694 sepelire
351 631 452 680 mortuos
466 632 610 692 computatur
622 629 683 680 inter
692 642 762 694 opera
773 631 845 682 elee-'

32 703 193 766 mosynarum
208 702 283 764 undef,
299 705 324 750 ut
337 699 477 762 Augustinus
491 698 546 750 dicit
561 700 584 749 in
600 700 618 751 l.
641 701 678 752 De
692 702 768 752 cloec
785 703 834 752 Dei

34 775 85 838 [ubi
100 773 185 838 supra)
197 788 202 822 ς
215 789 229 820 ιι
240 770 322 822 'lobias
337 771 467 835 sepeliendo
481 776 583 822 mortuos
598 773 668 822 licum
679 775 833 837 promeruisse

32 851 85 898 teste
96 848 181 910 angelo
191 845 370 896 commendatur.
380 859 394 892 ι
404 843 462 908 Ergo
476 843 606 909 hujusmodi
620 847 741 910 sepulture
756 846 832 898 cultus

32 918 126 970 momnis
134 917 239 986 prodest.

58 997 83 1041 4.
99 993 229 1051 Praeterea,
250 988 413 1040 inconveniens
427 999 452 1040 e
442 990 463 1040 t
480 987 556 1040 dicere
565 989 638 1058 qnbd
655 991 776 1043 frustretur
789 993 830 1044 de-

31 1063 88 1114 uotio
104 1062 217 1114 fidelium.
232 1058 274 1111 Sed
288 1059 357 1126 aliqui
368 1074 397 1111 ex
414 1059 535 1112 deuotione
556 1071 581 1112 se
602 1061 626 1110 in
644 1063 700 1113 locis
719 1064 832 1130 aliquibus

31 1134 142 1199 religiosis
161 1131 254 1198 sepeliri
272 1132 404 1197 disponunt.
427 1133 487 1198 Ergo
503 1134 625 1198 sepultura
648 1134 723 1186 cultus
739 1137 832 1200 prodest

30 1207 154 1257 defunctis

59 1284 81 1328 5.
95 1277 292 1334 Praetereamus
310 1291 401 1342 promor
410 1279 446 1330 est
460 1278 489 1328 ad
498 1275 651 1330 miserendum
663 1277 731 1342 qutun
741 1282 769 1332 ad
778 1293 833 1332 con

30 1349 193 1401 damnandnm.
212 1349 255 1400 Sed
269 1349 383 1412 aliquibus
396 1352 464 1400 nocet
478 1349 502 1399 in
516 1349 572 1400 locis
583 1349 654 1412 saeris
668 1352 798 1418 sepultura,
813 1353 833 1403 si

30 1420 117 1484 indigni
129 1424 198 1480 sunt;
214 1421 272 1470 unde
284 1419 341 1470 dicit
353 1420 474 1484 Gregorius
487 1419 543 1486 (lib.
555 1421 595 1472 ill.
613 1421 694 1478 Diod,
705 1435 757 1488 cap.
773 1424 813 1488 ιι)
825 1440 830 1474 :

32 1509 44 1540 ιι
55 1495 117 1553 Quos
138 1495 235 1557 peecata
252 1492 329 1556 grauia
350 1492 492 1556 deprimunt,
507 1493 536 1543 ad
557 1493 666 1557 majorem
681 1493 834 1546 damnationis

31 1566 146 1616 cumulum
161 1561 238 1628 potiris
257 1563 324 1628 qutun
338 1565 366 1614 ad
380 1562 530 1628 solutionem,
547 1577 626 1616 eorum
641 1577 735 1630 corpora
749 1566 774 1615 in
793 1579 833 1618 ec-

31 1636 104 1686 clesiis
127 1639 254 1702 pounntnn.
271 1652 284 1683 ι
301 1635 361 1700 Ergo
379 1635 450 1686 multb
466 1633 564 1700 ampliirs
587 1635 707 1687 dicendum
725 1642 760 1690 est
772 1637 831 1702 qubd

30 1708 152 1772 sepulture
168 1705 243 1757 cultus
257 1707 327 1771 prosit
340 1707 417 1757 bonis.
449 1719 450 1724 ¹
537 1723 539 1728 ·

58 1781 101 1830 Sed
113 1782 195 1830 contra
204 1782 251 1841 est,
265 1779 325 1844 quod
338 1778 479 1842 Augustinus
493 1779 548 1830 dicit
560 1777 585 1830 in
595 1779 635 1830 lili.
652 1779 689 1830 Do
701 1795 763 1831 curo
784 1794 832 1845 pro
866 1777 869 1790 “

33 1853 142 1900 mortuis
154 1849 253 1914 apecula
264 1851 332 1915 (cap.
343 1852 390 1914 14)
402 1867 407 1900 :
423 1867 437 1898 ιι
446 1848 542 1916 Corpori
554 1853 652 1902 humano
663 1851 774 1916 quidquid
784 1853 831 1903 inr-

31 1924 134 1986 penditur
140 1937 188 1974 non
198 1927 233 1973 est
244 1923 375 1988 presidium
386 1923 477 1987 salutis,
489 1925 530 1975 sed
539 1924 688 1974 humanitatis
697 1924 806 1976 cilicium.
816 1942 829 1972 ιι
895 1949 902 1958 -

58 1997 174 2048 preterea
183 1990 341 2060 ‚Augustinus
352 1995 406 2046 dicit
418 1997 463 2060 (De
472 2009 535 2046 eura
544 2011 591 2058 pro
602 1997 712 2048 mortuis
722 1997 830 2062 operculo,

31 2077 76 2131 t.np
92 2074 119 2132 ι,
136 2067 211 2119 etlib.
223 2070 241 2119 l.
256 2069 384 2118 Decipit.
366 2069 458 2126 tDei,
470 2083 520 2151 cap
534 2071 591 2131 tit:
605 2069 828 2132 «ΰιιιιὶιιιιιιιιι,

32 2107 129 2192 conditio
154 2140 290 2204 sepulturas,
306 2153 389 2205 pompa
403 2140 549 2204 exequiarum
567 2139 639 2204 magis
660 2140 831 2220 semivivorum
891 2160 894 2166 ¹
951 2147 953 2152 '

32 2213 129 2276 solatia,
146 2212 214 2275 quam
229 2212 327 2262 subsidia
339 2212 503 2264 detunctorum.
521 2230 535 2260 ιι

59 2287 184 2346 Praeterea,
197 2285 305 2336 llominus
320 2284 386 2349 dicit,
397 2287 466 2344 tuo„
485 2285 535 2346 llll
548 2289 579 2334 t
590 2301 604 2333 ιι
612 2284 667 2334 Ne
657 2281 787 2334 terreamini
803 2281 831 2332 ab

32 2357 65 2407 bis
79 2358 120 2420 qui
131 2354 238 2406 occidunt
248 2369 344 2421 corpus,
356 2360 381 2406 et
397 2361 449 2421 post
464 2353 762 2424 baecnouhabentamplibs
775 2353 830 2418 quid

32 2429 123 2478 iaciunt.
144 2427 218 2478 »Sed
234 2431 286 2492 post
302 2433 396 2478 mortem
413 2431 543 2479 sanctorum
557 2440 651 2490 corpora
665 2429 762 2490 possunt
773 2424 786 2475 l
796 2437 832 2476 se·

33 2501 119 2563 pultum
134 2499 264 2564 prohiberi,
283 2499 343 2550 sieut
356 2498 380 2548 in
392 2499 551 2550 Ecclesiastico
569 2497 665 2569 historia
681 2496 764 2560 legitur
778 2497 833 2548 'esse

33 2573 115 2623 lactum
137 2573 165 2622 de
184 2572 317 2636 quibusdam
332 2571 468 2638 martyribus
481 2569 586 2637 Lugduni
600 2570 685 2620 Galliae.
705 2569 764 2634 Engo
784 2583 832 2621 non

33 2649 97 2696 nocet
107 2645 237 2704 defunctis,
253 2644 273 2694 si
289 2657 366 2694 eorum
381 2657 474 2709 corpora
487 2644 605 2694 inhumata
618 2647 766 2695 remaneant:
778 2657 831 2708 ergo

34 2731 74 2768 nec
88 2719 165 2768 cultus
178 2718 302 2782 sepulturae
316 2718 415 2782 prodest.

65 2791 227 2854 (concussio
233 2789 350 2839 —Cultus
361 2787 517 2852 exequiarum,
532 2787 584 2838 edm
597 2787 670 2839 solum
684 2789 728 2838 hoc
749 2787 832 2838 eiiciet
866 2805 868 2810 ’

34 2867 59 2912 ιι
70 2875 97 2914 eo
111 2861 217 2913 homiues
230 2860 394 2926 compassionis
405 2861 514 2912 admoniti
523 2873 565 2924 pro
576 2859 688 2912 defunctis
699 2863 773 2923 orent,
783 2853 846 2910 nou
916 2863 917 2872 ¹

34 2947 122 3000 perse,
134 2937 173 2987 scd
188 2947 229 2998 per
239 2933 346 2986 accidens
359 2932 454 2986 mortum
462 2933 563 2997 prodest
573 2933 582 2998 )
