<?xml version="1.0" encoding="UTF-8"?>
<!DOCTYPE html PUBLIC "-//W3C//DTD XHTML 1.0 Transitional//EN"
    "http://www.w3.org/TR/xhtml1/DTD/xhtml1-transitional.dtd">
<html xmlns="http://www.w3.org/1999/xhtml" xml:lang="en" lang="en">
 <head>
  <title>
</title>
<meta http-equiv="Content-Type" content="text/html;charset=utf-8" />
  <meta name='ocr-system' content='tesseract 3.04.00' />
  <meta name='ocr-capabilities' content='ocr_page ocr_carea ocr_par ocr_line ocrx_word'/>
</head>
<body>
  <div class='ocr_page' id='page_1' title='image "./summatheologica06nicogoog_0255.png"; bbox 0 0 1958 3314; ppageno 0'>
   <div class='ocr_carea' id='block_1_1' title="bbox 115 153 902 213">
    <p class='ocr_par' dir='ltr' id='par_1_1' title="bbox 115 153 902 213">
     <span class='ocr_line' id='line_1_1' title="bbox 115 153 902 213; baseline 0.005 -9"><span class='ocrx_word' id='word_1_1' title='bbox 115 166 145 206; x_wconf 80' lang='lat' dir='ltr'><strong>nlt</strong></span> <span class='ocrx_word' id='word_1_2' title='bbox 157 161 258 207; x_wconf 74' lang='lat' dir='ltr'><strong>aream</strong></span> <span class='ocrx_word' id='word_1_3' title='bbox 269 165 298 206; x_wconf 74' lang='grc' dir='ltr'><strong>ΒΤ</strong></span> <span class='ocrx_word' id='word_1_4' title='bbox 311 162 519 208; x_wconf 62' lang='lat' dir='ltr'><strong>lamentantibus</strong></span> <span class='ocrx_word' id='word_1_5' title='bbox 531 165 562 206; x_wconf 83' lang='lat' dir='ltr'><strong>lix</strong></span> <span class='ocrx_word' id='word_1_6' title='bbox 575 163 607 213; x_wconf 66' lang='grc' dir='ltr'><strong>ΕΔ</strong></span> <span class='ocrx_word' id='word_1_7' title='bbox 619 162 768 207; x_wconf 68' lang='lat' dir='ltr'><strong>COMMCTA·</strong></span> <span class='ocrx_word' id='word_1_8' title='bbox 795 153 841 206; x_wconf 65' lang='lat'><strong>251</strong></span> <span class='ocrx_word' id='word_1_9' title='bbox 901 203 902 208; x_wconf 73' lang='grc'>,</span> 
     </span>
    </p>
   </div>
   <div class='ocr_carea' id='block_1_2' title="bbox 304 383 593 456">
    <p class='ocr_par' dir='ltr' id='par_1_2' title="bbox 304 383 593 456">
     <span class='ocr_line' id='line_1_2' title="bbox 304 383 593 456; baseline -0.014 0"><span class='ocrx_word' id='word_1_10' title='bbox 304 383 469 456; x_wconf 71' lang='lat' dir='ltr'>OUAESTIO</span> <span class='ocrx_word' id='word_1_11' title='bbox 487 385 593 454; x_wconf 84' lang='lat' dir='ltr'>LXVI.</span> 
     </span>
    </p>
   </div>
   <div class='ocr_carea' id='block_1_3' title="bbox 50 523 845 647">
    <p class='ocr_par' dir='ltr' id='par_1_3' title="bbox 50 523 845 647">
     <span class='ocr_line' id='line_1_3' title="bbox 50 523 845 588; baseline 0 -14"><span class='ocrx_word' id='word_1_12' title='bbox 50 524 81 574; x_wconf 75' lang='lat' dir='ltr'><strong>lla</strong></span> <span class='ocrx_word' id='word_1_13' title='bbox 91 523 200 587; x_wconf 73' lang='lat' dir='ltr'><strong>bigamia</strong></span> <span class='ocrx_word' id='word_1_14' title='bbox 214 529 237 575; x_wconf 83' lang='lat' dir='ltr'><strong>ct</strong></span> <span class='ocrx_word' id='word_1_15' title='bbox 249 528 437 588; x_wconf 80' lang='lat' dir='ltr'><strong>irrepolcrr&#39;toto</strong></span> <span class='ocrx_word' id='word_1_16' title='bbox 453 541 484 574; x_wconf 80' lang='lat' dir='ltr'><strong>aar</strong></span> <span class='ocrx_word' id='word_1_17' title='bbox 496 541 523 575; x_wconf 86' lang='lat' dir='ltr'><strong>ec</strong></span> <span class='ocrx_word' id='word_1_18' title='bbox 541 531 677 584; x_wconf 80' lang='lat' dir='ltr'><strong>contracto,</strong></span> <span class='ocrx_word' id='word_1_19' title='bbox 689 529 718 575; x_wconf 80' lang='lat' dir='ltr'><strong>ira</strong></span> <span class='ocrx_word' id='word_1_20' title='bbox 738 527 845 588; x_wconf 73' lang='lat' dir='ltr'><strong>pelopea</strong></span> 
     </span>
     <span class='ocr_line' id='line_1_4' title="bbox 334 597 559 647; baseline 0.004 -1"><span class='ocrx_word' id='word_1_21' title='bbox 334 597 456 647; x_wconf 71' lang='lat' dir='ltr'><strong>articulos</strong></span> <span class='ocrx_word' id='word_1_22' title='bbox 469 600 559 647; x_wconf 78' lang='lat' dir='ltr'><strong>clinico.</strong></span> 
     </span>
    </p>
   </div>
   <div class='ocr_carea' id='block_1_4' title="bbox 48 749 851 1390">
    <p class='ocr_par' dir='ltr' id='par_1_4' title="bbox 49 749 846 874">
     <span class='ocr_line' id='line_1_5' title="bbox 75 749 846 816; baseline 0.001 -16"><span class='ocrx_word' id='word_1_23' title='bbox 75 750 159 802; x_wconf 78' lang='lat' dir='ltr'><strong>Deinde</strong></span> <span class='ocrx_word' id='word_1_24' title='bbox 178 749 367 802; x_wconf 84' lang='lat' dir='ltr'><strong>considerandum</strong></span> <span class='ocrx_word' id='word_1_25' title='bbox 384 754 422 802; x_wconf 89' lang='lat' dir='ltr'><strong>est</strong></span> <span class='ocrx_word' id='word_1_26' title='bbox 440 751 467 802; x_wconf 87' lang='lat' dir='ltr'><strong>le</strong></span> <span class='ocrx_word' id='word_1_27' title='bbox 483 749 581 816; x_wconf 78' lang='lat' dir='ltr'><strong>bigamia</strong></span> <span class='ocrx_word' id='word_1_28' title='bbox 595 753 620 802; x_wconf 91' lang='lat' dir='ltr'><strong>et</strong></span> <span class='ocrx_word' id='word_1_29' title='bbox 637 750 802 816; x_wconf 74' lang='lat' dir='ltr'><strong>irregularitate</strong></span> <span class='ocrx_word' id='word_1_30' title='bbox 815 763 846 802; x_wconf 81' lang='lat' dir='ltr'><strong>ea</strong></span> 
     </span>
     <span class='ocr_line' id='line_1_6' title="bbox 49 826 208 874; baseline 0 -2"><span class='ocrx_word' id='word_1_31' title='bbox 49 835 72 872; x_wconf 90' lang='lat' dir='ltr'><strong>ea</strong></span> <span class='ocrx_word' id='word_1_32' title='bbox 83 826 208 874; x_wconf 86' lang='lat' dir='ltr'><strong>eontracta.</strong></span> 
     </span>
    </p>

    <p class='ocr_par' dir='ltr' id='par_1_5' title="bbox 48 894 851 1390">
     <span class='ocr_line' id='line_1_7' title="bbox 77 894 847 961; baseline 0.001 -16"><span class='ocrx_word' id='word_1_33' title='bbox 77 895 141 946; x_wconf 81' lang='lat' dir='ltr'><strong>circa</strong></span> <span class='ocrx_word' id='word_1_34' title='bbox 155 895 218 960; x_wconf 88' lang='lat' dir='ltr'><strong>quod</strong></span> <span class='ocrx_word' id='word_1_35' title='bbox 235 898 365 958; x_wconf 82' lang='lat' dir='ltr'><strong>quaeruntur</strong></span> <span class='ocrx_word' id='word_1_36' title='bbox 379 894 480 960; x_wconf 79' lang='lat' dir='ltr'><strong>quinque</strong></span> <span class='ocrx_word' id='word_1_37' title='bbox 490 896 525 961; x_wconf 89' lang='lat' dir='ltr'><strong>(t)</strong></span> <span class='ocrx_word' id='word_1_38' title='bbox 544 911 551 947; x_wconf 75' lang='grc' dir='ltr'><strong>ε</strong></span> <span class='ocrx_word' id='word_1_39' title='bbox 565 903 592 948; x_wconf 87' lang='lat'><strong>1⁰</strong></span> <span class='ocrx_word' id='word_1_40' title='bbox 602 895 681 947; x_wconf 84' lang='lat' dir='ltr'><strong>Utrbm</strong></span> <span class='ocrx_word' id='word_1_41' title='bbox 695 894 730 946; x_wconf 85' lang='lat' dir='ltr'><strong>illi</strong></span> <span class='ocrx_word' id='word_1_42' title='bbox 742 895 847 960; x_wconf 75' lang='lat' dir='ltr'><strong>bigamiae</strong></span> 
     </span>
     <span class='ocr_line' id='line_1_8' title="bbox 49 966 843 1032; baseline -0.003 -14"><span class='ocrx_word' id='word_1_43' title='bbox 49 979 92 1030; x_wconf 84' lang='lat' dir='ltr'><strong>pue</strong></span> <span class='ocrx_word' id='word_1_44' title='bbox 103 980 131 1018; x_wconf 85' lang='lat' dir='ltr'><strong>ex</strong></span> <span class='ocrx_word' id='word_1_45' title='bbox 144 968 190 1018; x_wconf 89' lang='lat' dir='ltr'><strong>hoc</strong></span> <span class='ocrx_word' id='word_1_46' title='bbox 201 966 262 1032; x_wconf 84' lang='lat' dir='ltr'><strong>pubal</strong></span> <span class='ocrx_word' id='word_1_47' title='bbox 273 967 354 1031; x_wconf 84' lang='lat' dir='ltr'><strong>aliquis</strong></span> <span class='ocrx_word' id='word_1_48' title='bbox 365 969 420 1022; x_wconf 81' lang='lat' dir='ltr'><strong>duaa</strong></span> <span class='ocrx_word' id='word_1_49' title='bbox 430 981 514 1019; x_wconf 78' lang='lat' dir='ltr'><strong>uxores</strong></span> <span class='ocrx_word' id='word_1_50' title='bbox 531 967 662 1020; x_wconf 63' lang='lat' dir='ltr'><strong>successive,</strong></span> <span class='ocrx_word' id='word_1_51' title='bbox 677 968 797 1032; x_wconf 84' lang='lat' dir='ltr'><strong>babuerit,</strong></span> <span class='ocrx_word' id='word_1_52' title='bbox 812 968 843 1018; x_wconf 88' lang='lat' dir='ltr'><strong>sit</strong></span> 
     </span>
     <span class='ocr_line' id='line_1_9' title="bbox 48 1038 847 1104; baseline 0.005 -19"><span class='ocrx_word' id='word_1_53' title='bbox 48 1039 197 1103; x_wconf 63' lang='lat' dir='ltr'><strong>irregularitas</strong></span> <span class='ocrx_word' id='word_1_54' title='bbox 210 1053 308 1090; x_wconf 83' lang='lat' dir='ltr'><strong>annexa.</strong></span> <span class='ocrx_word' id='word_1_55' title='bbox 324 1044 351 1090; x_wconf 72' lang='lat'><strong>2⁰</strong></span> <span class='ocrx_word' id='word_1_56' title='bbox 366 1039 444 1092; x_wconf 83' lang='lat' dir='ltr'><strong>Uirium</strong></span> <span class='ocrx_word' id='word_1_57' title='bbox 466 1039 652 1104; x_wconf 85' lang='lat' dir='ltr'><strong>irregularitatem</strong></span> <span class='ocrx_word' id='word_1_58' title='bbox 671 1041 790 1091; x_wconf 85' lang='lat' dir='ltr'><strong>contrabat</strong></span> <span class='ocrx_word' id='word_1_59' title='bbox 806 1038 847 1104; x_wconf 88' lang='lat' dir='ltr'><strong>qui</strong></span> 
     </span>
     <span class='ocr_line' id='line_1_10' title="bbox 49 1110 851 1176; baseline 0.01 -18"><span class='ocrx_word' id='word_1_60' title='bbox 49 1110 109 1160; x_wconf 87' lang='lat' dir='ltr'><strong>simul</strong></span> <span class='ocrx_word' id='word_1_61' title='bbox 120 1111 179 1162; x_wconf 86' lang='lat' dir='ltr'><strong>duas</strong></span> <span class='ocrx_word' id='word_1_62' title='bbox 192 1123 276 1163; x_wconf 83' lang='lat' dir='ltr'><strong>uxores</strong></span> <span class='ocrx_word' id='word_1_63' title='bbox 289 1111 377 1163; x_wconf 89' lang='lat' dir='ltr'><strong>babuit.</strong></span> <span class='ocrx_word' id='word_1_64' title='bbox 390 1115 417 1161; x_wconf 73' lang='lat'><strong>³⁰</strong></span> <span class='ocrx_word' id='word_1_65' title='bbox 430 1111 511 1162; x_wconf 86' lang='lat' dir='ltr'><strong>lltrinm</strong></span> <span class='ocrx_word' id='word_1_66' title='bbox 529 1113 683 1176; x_wconf 84' lang='lat' dir='ltr'><strong>irregularitas</strong></span> <span class='ocrx_word' id='word_1_67' title='bbox 699 1114 851 1166; x_wconf 83' lang='lat' dir='ltr'><strong>contrabatur·</strong></span> 
     </span>
     <span class='ocr_line' id='line_1_11' title="bbox 49 1181 848 1250; baseline 0.005 -20"><span class='ocrx_word' id='word_1_68' title='bbox 49 1183 124 1233; x_wconf 85' lang='lat' dir='ltr'><strong>arboc</strong></span> <span class='ocrx_word' id='word_1_69' title='bbox 144 1181 207 1248; x_wconf 83' lang='lat' dir='ltr'><strong>pubal</strong></span> <span class='ocrx_word' id='word_1_70' title='bbox 225 1183 308 1248; x_wconf 84' lang='lat' dir='ltr'><strong>aliquis</strong></span> <span class='ocrx_word' id='word_1_71' title='bbox 321 1197 416 1236; x_wconf 82' lang='lat' dir='ltr'><strong>uxorem</strong></span> <span class='ocrx_word' id='word_1_72' title='bbox 430 1198 477 1236; x_wconf 91' lang='lat' dir='ltr'><strong>non</strong></span> <span class='ocrx_word' id='word_1_73' title='bbox 491 1183 603 1248; x_wconf 83' lang='lat' dir='ltr'><strong>virginem</strong></span> <span class='ocrx_word' id='word_1_74' title='bbox 620 1183 710 1250; x_wconf 82' lang='lat' dir='ltr'><strong>accipit.</strong></span> <span class='ocrx_word' id='word_1_75' title='bbox 725 1185 753 1230; x_wconf 81' lang='lat' dir='ltr'><strong>lo</strong></span> <span class='ocrx_word' id='word_1_76' title='bbox 767 1183 848 1234; x_wconf 88' lang='lat' dir='ltr'><strong>lltrbm</strong></span> 
     </span>
     <span class='ocr_line' id='line_1_12' title="bbox 48 1252 849 1374; baseline 0.001 -71"><span class='ocrx_word' id='word_1_77' title='bbox 48 1252 138 1374; x_wconf 46' lang='lat' dir='ltr'><strong>bigamia</strong></span> <span class='ocrx_word' id='word_1_78' title='bbox 149 1269 194 1319; x_wconf 89' lang='lat' dir='ltr'><strong>per</strong></span> <span class='ocrx_word' id='word_1_79' title='bbox 207 1255 346 1320; x_wconf 87' lang='lat' dir='ltr'><strong>baptismum</strong></span> <span class='ocrx_word' id='word_1_80' title='bbox 355 1257 464 1308; x_wconf 83' lang='lat' dir='ltr'><strong>soluatur.</strong></span> <span class='ocrx_word' id='word_1_81' title='bbox 480 1261 507 1307; x_wconf 79' lang='lat'><strong>5⁰</strong></span> <span class='ocrx_word' id='word_1_82' title='bbox 522 1255 602 1308; x_wconf 89' lang='lat' dir='ltr'><strong>lttrbm</strong></span> <span class='ocrx_word' id='word_1_83' title='bbox 616 1270 668 1308; x_wconf 89' lang='lat' dir='ltr'><strong>cnm</strong></span> <span class='ocrx_word' id='word_1_84' title='bbox 681 1256 770 1320; x_wconf 85' lang='lat' dir='ltr'><strong>bigamo</strong></span> <span class='ocrx_word' id='word_1_85' title='bbox 780 1255 849 1311; x_wconf 84' lang='lat' dir='ltr'><strong>liceat</strong></span> 
     </span>
     <span class='ocr_line' id='line_1_13' title="bbox 61 1339 189 1390; baseline 0.031 -16"><span class='ocrx_word' id='word_1_86' title='bbox 61 1339 189 1390; x_wconf 86' lang='lat' dir='ltr'><strong>rspeusare.</strong></span> 
     </span>
    </p>
   </div>
   <div class='ocr_carea' id='block_1_5' title="bbox 347 1435 546 1488">
    <p class='ocr_par' dir='ltr' id='par_1_6' title="bbox 347 1435 546 1488">
     <span class='ocr_line' id='line_1_14' title="bbox 347 1435 546 1488; baseline -0.01 0"><span class='ocrx_word' id='word_1_87' title='bbox 347 1435 509 1488; x_wconf 72' lang='lat' dir='ltr'><strong>parictibus</strong></span> <span class='ocrx_word' id='word_1_88' title='bbox 525 1437 546 1488; x_wconf 89' lang='lat' dir='ltr'><strong>i.</strong></span> 
     </span>
    </p>
   </div>
   <div class='ocr_carea' id='block_1_6' title="bbox 167 1559 728 1618">
    <p class='ocr_par' dir='ltr' id='par_1_7' title="bbox 167 1559 728 1618">
     <span class='ocr_line' id='line_1_15' title="bbox 167 1559 728 1618; baseline 0 -12"><span class='ocrx_word' id='word_1_89' title='bbox 167 1560 257 1606; x_wconf 82' lang='lat' dir='ltr'><strong>Utrtrm</strong></span> <span class='ocrx_word' id='word_1_90' title='bbox 270 1559 379 1618; x_wconf 78' lang='lat' dir='ltr'><strong>bigamiae</strong></span> <span class='ocrx_word' id='word_1_91' title='bbox 392 1561 565 1618; x_wconf 62' lang='lat' dir='ltr'><strong>irregularitas</strong></span> <span class='ocrx_word' id='word_1_92' title='bbox 579 1560 612 1606; x_wconf 78' lang='lat' dir='ltr'><strong>sil</strong></span> <span class='ocrx_word' id='word_1_93' title='bbox 625 1571 728 1606; x_wconf 76' lang='lat' dir='ltr'><strong>nomeu.</strong></span> 
     </span>
    </p>
   </div>
   <div class='ocr_carea' id='block_1_7' title="bbox 49 1675 854 2686">
    <p class='ocr_par' dir='ltr' id='par_1_8' title="bbox 49 1675 851 2184">
     <span class='ocr_line' id='line_1_16' title="bbox 74 1675 850 1753; baseline 0.003 -15"><span class='ocrx_word' id='word_1_94' title='bbox 74 1685 107 1738; x_wconf 84' lang='lat' dir='ltr'><strong>lo</strong></span> <span class='ocrx_word' id='word_1_95' title='bbox 118 1687 224 1753; x_wconf 88' lang='lat' dir='ltr'><strong>primum</strong></span> <span class='ocrx_word' id='word_1_96' title='bbox 236 1686 270 1738; x_wconf 85' lang='lat' dir='ltr'><strong>sic</strong></span> <span class='ocrx_word' id='word_1_97' title='bbox 286 1675 424 1752; x_wconf 76' lang='lat' dir='ltr'><strong>proceditur.</strong></span> <span class='ocrx_word' id='word_1_98' title='bbox 442 1687 536 1740; x_wconf 87' lang='lat' dir='ltr'><strong>Videtur</strong></span> <span class='ocrx_word' id='word_1_99' title='bbox 551 1685 611 1751; x_wconf 82' lang='lat' dir='ltr'><strong>quod</strong></span> <span class='ocrx_word' id='word_1_100' title='bbox 626 1685 660 1737; x_wconf 92' lang='lat' dir='ltr'><strong>illi</strong></span> <span class='ocrx_word' id='word_1_101' title='bbox 674 1685 778 1750; x_wconf 79' lang='lat' dir='ltr'><strong>bigamia</strong></span> <span class='ocrx_word' id='word_1_102' title='bbox 799 1701 850 1752; x_wconf 73' lang='lat' dir='ltr'><strong>puae</strong></span> 
     </span>
     <span class='ocr_line' id='line_1_17' title="bbox 49 1757 850 1824; baseline 0.002 -16"><span class='ocrx_word' id='word_1_103' title='bbox 49 1762 79 1809; x_wconf 85' lang='lat' dir='ltr'><strong>est</strong></span> <span class='ocrx_word' id='word_1_104' title='bbox 88 1772 116 1810; x_wconf 83' lang='lat' dir='ltr'><strong>er</strong></span> <span class='ocrx_word' id='word_1_105' title='bbox 127 1763 173 1812; x_wconf 89' lang='lat' dir='ltr'><strong>boo</strong></span> <span class='ocrx_word' id='word_1_106' title='bbox 185 1759 247 1824; x_wconf 83' lang='lat' dir='ltr'><strong>qubrl</strong></span> <span class='ocrx_word' id='word_1_107' title='bbox 258 1759 340 1824; x_wconf 85' lang='lat' dir='ltr'><strong>aliquis</strong></span> <span class='ocrx_word' id='word_1_108' title='bbox 350 1761 406 1810; x_wconf 82' lang='lat' dir='ltr'><strong>duas</strong></span> <span class='ocrx_word' id='word_1_109' title='bbox 416 1773 497 1811; x_wconf 87' lang='lat' dir='ltr'><strong>uxores</strong></span> <span class='ocrx_word' id='word_1_110' title='bbox 510 1757 639 1813; x_wconf 79' lang='lat' dir='ltr'><strong>successivo</strong></span> <span class='ocrx_word' id='word_1_111' title='bbox 652 1757 747 1822; x_wconf 87' lang='lat' dir='ltr'><strong>babuit,</strong></span> <span class='ocrx_word' id='word_1_112' title='bbox 761 1771 807 1810; x_wconf 92' lang='lat' dir='ltr'><strong>non</strong></span> <span class='ocrx_word' id='word_1_113' title='bbox 819 1759 850 1810; x_wconf 91' lang='lat' dir='ltr'><strong>sit</strong></span> 
     </span>
     <span class='ocr_line' id='line_1_18' title="bbox 49 1829 851 1897; baseline 0.007 -21"><span class='ocrx_word' id='word_1_114' title='bbox 49 1829 201 1897; x_wconf 21' lang='lat' dir='ltr'><strong>irregularitas·</strong></span> <span class='ocrx_word' id='word_1_115' title='bbox 216 1839 314 1882; x_wconf 81' lang='lat' dir='ltr'><strong>annexa.</strong></span> <span class='ocrx_word' id='word_1_116' title='bbox 331 1829 389 1890; x_wconf 82' lang='lat' dir='ltr'><strong>Quia</strong></span> <span class='ocrx_word' id='word_1_117' title='bbox 406 1832 529 1885; x_wconf 83' lang='lat' dir='ltr'><strong>multitudo</strong></span> <span class='ocrx_word' id='word_1_118' title='bbox 548 1834 572 1882; x_wconf 85' lang='lat' dir='ltr'><strong>et</strong></span> <span class='ocrx_word' id='word_1_119' title='bbox 592 1830 668 1880; x_wconf 88' lang='lat' dir='ltr'><strong>unitas</strong></span> <span class='ocrx_word' id='word_1_120' title='bbox 682 1834 851 1894; x_wconf 87' lang='lat' dir='ltr'><strong>consequuntur</strong></span> 
     </span>
     <span class='ocr_line' id='line_1_19' title="bbox 49 1901 847 1967; baseline 0.003 -15"><span class='ocrx_word' id='word_1_121' title='bbox 49 1915 92 1952; x_wconf 88' lang='lat' dir='ltr'><strong>ens.</strong></span> <span class='ocrx_word' id='word_1_122' title='bbox 102 1903 160 1957; x_wconf 83' lang='lat' dir='ltr'><strong>Cium</strong></span> <span class='ocrx_word' id='word_1_123' title='bbox 175 1916 231 1966; x_wconf 82' lang='lat' dir='ltr'><strong>ergo</strong></span> <span class='ocrx_word' id='word_1_124' title='bbox 242 1919 291 1954; x_wconf 83' lang='lat' dir='ltr'><strong>non</strong></span> <span class='ocrx_word' id='word_1_125' title='bbox 303 1918 345 1953; x_wconf 85' lang='lat' dir='ltr'><strong>eos</strong></span> <span class='ocrx_word' id='word_1_126' title='bbox 359 1916 406 1954; x_wconf 92' lang='lat' dir='ltr'><strong>non</strong></span> <span class='ocrx_word' id='word_1_127' title='bbox 420 1902 487 1954; x_wconf 87' lang='lat' dir='ltr'><strong>lactat</strong></span> <span class='ocrx_word' id='word_1_128' title='bbox 498 1901 668 1954; x_wconf 85' lang='lat' dir='ltr'><strong>multitudinem</strong></span> <span class='ocrx_word' id='word_1_129' title='bbox 681 1903 794 1967; x_wconf 86' lang='lat' dir='ltr'><strong>aliquam,</strong></span> <span class='ocrx_word' id='word_1_130' title='bbox 808 1902 847 1954; x_wconf 88' lang='lat' dir='ltr'><strong>ille</strong></span> 
     </span>
     <span class='ocr_line' id='line_1_20' title="bbox 49 1973 847 2040; baseline 0.003 -18"><span class='ocrx_word' id='word_1_131' title='bbox 49 1973 83 2036; x_wconf 88' lang='lat' dir='ltr'><strong>qui</strong></span> <span class='ocrx_word' id='word_1_132' title='bbox 102 1975 173 2026; x_wconf 90' lang='lat' dir='ltr'><strong>babet</strong></span> <span class='ocrx_word' id='word_1_133' title='bbox 194 1973 324 2028; x_wconf 72' lang='lat' dir='ltr'><strong>successive</strong></span> <span class='ocrx_word' id='word_1_134' title='bbox 338 1976 394 2026; x_wconf 87' lang='lat' dir='ltr'><strong>duas</strong></span> <span class='ocrx_word' id='word_1_135' title='bbox 411 1977 507 2038; x_wconf 75' lang='lat' dir='ltr'><strong>uncias,</strong></span> <span class='ocrx_word' id='word_1_136' title='bbox 522 1975 613 2040; x_wconf 85' lang='lat' dir='ltr'><strong>quando</strong></span> <span class='ocrx_word' id='word_1_137' title='bbox 626 1987 672 2026; x_wconf 90' lang='lat' dir='ltr'><strong>una</strong></span> <span class='ocrx_word' id='word_1_138' title='bbox 685 1978 720 2024; x_wconf 90' lang='lat' dir='ltr'><strong>est</strong></span> <span class='ocrx_word' id='word_1_139' title='bbox 740 1974 766 2024; x_wconf 92' lang='lat' dir='ltr'><strong>in</strong></span> <span class='ocrx_word' id='word_1_140' title='bbox 780 1989 847 2031; x_wconf 83' lang='lat' dir='ltr'><strong>esee,</strong></span> 
     </span>
     <span class='ocr_line' id='line_1_21' title="bbox 50 2043 851 2108; baseline 0.009 -17"><span class='ocrx_word' id='word_1_141' title='bbox 50 2043 87 2094; x_wconf 86' lang='lat' dir='ltr'><strong>alia</strong></span> <span class='ocrx_word' id='word_1_142' title='bbox 101 2045 125 2096; x_wconf 92' lang='lat' dir='ltr'><strong>in</strong></span> <span class='ocrx_word' id='word_1_143' title='bbox 139 2061 192 2097; x_wconf 82' lang='lat' dir='ltr'><strong>nore</strong></span> <span class='ocrx_word' id='word_1_144' title='bbox 205 2061 269 2108; x_wconf 84' lang='lat' dir='ltr'><strong>esse,</strong></span> <span class='ocrx_word' id='word_1_145' title='bbox 286 2061 333 2099; x_wconf 88' lang='lat' dir='ltr'><strong>non</strong></span> <span class='ocrx_word' id='word_1_146' title='bbox 351 2060 380 2098; x_wconf 84' lang='lat' dir='ltr'><strong>ex</strong></span> <span class='ocrx_word' id='word_1_147' title='bbox 397 2048 441 2098; x_wconf 91' lang='lat' dir='ltr'><strong>boo</strong></span> <span class='ocrx_word' id='word_1_148' title='bbox 458 2047 555 2098; x_wconf 82' lang='lat' dir='ltr'><strong>efficitur</strong></span> <span class='ocrx_word' id='word_1_149' title='bbox 568 2047 602 2096; x_wconf 86' lang='lat' dir='ltr'><strong>rir</strong></span> <span class='ocrx_word' id='word_1_150' title='bbox 613 2059 660 2100; x_wconf 89' lang='lat' dir='ltr'><strong>non</strong></span> <span class='ocrx_word' id='word_1_151' title='bbox 675 2046 744 2096; x_wconf 87' lang='lat' dir='ltr'><strong>unius</strong></span> <span class='ocrx_word' id='word_1_152' title='bbox 755 2048 851 2108; x_wconf 79' lang='lat' dir='ltr'><strong>uxoris,</strong></span> 
     </span>
     <span class='ocr_line' id='line_1_22' title="bbox 50 2117 741 2184; baseline 0.004 -20"><span class='ocrx_word' id='word_1_153' title='bbox 50 2117 94 2178; x_wconf 84' lang='lat' dir='ltr'><strong>qui,</strong></span> <span class='ocrx_word' id='word_1_154' title='bbox 106 2117 236 2168; x_wconf 87' lang='lat' dir='ltr'><strong>secundbm</strong></span> <span class='ocrx_word' id='word_1_155' title='bbox 250 2119 392 2182; x_wconf 76' lang='lat' dir='ltr'><strong>Apostolum,</strong></span> <span class='ocrx_word' id='word_1_156' title='bbox 407 2118 435 2170; x_wconf 88' lang='lat' dir='ltr'><strong>ab</strong></span> <span class='ocrx_word' id='word_1_157' title='bbox 449 2118 583 2184; x_wconf 88' lang='lat' dir='ltr'><strong>episcopatu</strong></span> <span class='ocrx_word' id='word_1_158' title='bbox 599 2118 741 2184; x_wconf 87' lang='lat' dir='ltr'><strong>prohibetur.</strong></span> 
     </span>
    </p>

    <p class='ocr_par' dir='ltr' id='par_1_9' title="bbox 50 2187 852 2469">
     <span class='ocr_line' id='line_1_23' title="bbox 78 2187 851 2255; baseline 0.003 -19"><span class='ocrx_word' id='word_1_159' title='bbox 78 2192 100 2238; x_wconf 77' lang='lat' dir='ltr'><strong>n.</strong></span> <span class='ocrx_word' id='word_1_160' title='bbox 115 2191 251 2252; x_wconf 75' lang='lat' dir='ltr'><strong>Praeterea,</strong></span> <span class='ocrx_word' id='word_1_161' title='bbox 263 2191 337 2255; x_wconf 84' lang='lat' dir='ltr'><strong>majus</strong></span> <span class='ocrx_word' id='word_1_162' title='bbox 348 2187 437 2254; x_wconf 83' lang='lat' dir='ltr'><strong>signum</strong></span> <span class='ocrx_word' id='word_1_163' title='bbox 448 2189 621 2245; x_wconf 79' lang='lat' dir='ltr'><strong>incontinentiae</strong></span> <span class='ocrx_word' id='word_1_164' title='bbox 632 2192 726 2254; x_wconf 82' lang='lat' dir='ltr'><strong>apparet</strong></span> <span class='ocrx_word' id='word_1_165' title='bbox 734 2189 758 2238; x_wconf 93' lang='lat' dir='ltr'><strong>in</strong></span> <span class='ocrx_word' id='word_1_166' title='bbox 772 2201 800 2239; x_wconf 90' lang='lat' dir='ltr'><strong>eo</strong></span> <span class='ocrx_word' id='word_1_167' title='bbox 813 2189 851 2252; x_wconf 84' lang='lat' dir='ltr'><strong>qui</strong></span> 
     </span>
     <span class='ocr_line' id='line_1_24' title="bbox 50 2257 852 2326; baseline 0.002 -18"><span class='ocrx_word' id='word_1_168' title='bbox 50 2257 122 2322; x_wconf 86' lang='lat' dir='ltr'><strong>plures</strong></span> <span class='ocrx_word' id='word_1_169' title='bbox 139 2259 264 2312; x_wconf 79' lang='lat' dir='ltr'><strong>fornicarie</strong></span> <span class='ocrx_word' id='word_1_170' title='bbox 283 2260 414 2325; x_wconf 80' lang='lat' dir='ltr'><strong>cognoscit,</strong></span> <span class='ocrx_word' id='word_1_171' title='bbox 432 2260 500 2326; x_wconf 81' lang='lat' dir='ltr'><strong>qnlm</strong></span> <span class='ocrx_word' id='word_1_172' title='bbox 513 2263 537 2312; x_wconf 94' lang='lat' dir='ltr'><strong>in</strong></span> <span class='ocrx_word' id='word_1_173' title='bbox 556 2275 584 2312; x_wconf 91' lang='lat' dir='ltr'><strong>eo</strong></span> <span class='ocrx_word' id='word_1_174' title='bbox 604 2261 648 2324; x_wconf 88' lang='lat' dir='ltr'><strong>qni</strong></span> <span class='ocrx_word' id='word_1_175' title='bbox 666 2261 744 2325; x_wconf 87' lang='lat' dir='ltr'><strong>plures</strong></span> <span class='ocrx_word' id='word_1_176' title='bbox 766 2273 852 2310; x_wconf 84' lang='lat' dir='ltr'><strong>uxorea</strong></span> 
     </span>
     <span class='ocr_line' id='line_1_25' title="bbox 51 2330 851 2398; baseline 0.005 -20"><span class='ocrx_word' id='word_1_177' title='bbox 51 2333 177 2386; x_wconf 74' lang='lat' dir='ltr'><strong>successive</strong></span> <span class='ocrx_word' id='word_1_178' title='bbox 193 2333 273 2384; x_wconf 89' lang='lat' dir='ltr'><strong>babet.</strong></span> <span class='ocrx_word' id='word_1_179' title='bbox 287 2333 331 2383; x_wconf 86' lang='lat' dir='ltr'><strong>Sed</strong></span> <span class='ocrx_word' id='word_1_180' title='bbox 343 2347 372 2385; x_wconf 83' lang='lat' dir='ltr'><strong>ex</strong></span> <span class='ocrx_word' id='word_1_181' title='bbox 384 2333 458 2398; x_wconf 89' lang='lat' dir='ltr'><strong>primo</strong></span> <span class='ocrx_word' id='word_1_182' title='bbox 472 2347 519 2386; x_wconf 89' lang='lat' dir='ltr'><strong>non</strong></span> <span class='ocrx_word' id='word_1_183' title='bbox 533 2331 631 2385; x_wconf 83' lang='lat' dir='ltr'><strong>efficitur</strong></span> <span class='ocrx_word' id='word_1_184' title='bbox 645 2331 728 2396; x_wconf 89' lang='lat' dir='ltr'><strong>aliquis</strong></span> <span class='ocrx_word' id='word_1_185' title='bbox 738 2330 851 2394; x_wconf 87' lang='lat' dir='ltr'><strong>irregula-</strong></span> 
     </span>
     <span class='ocr_line' id='line_1_26' title="bbox 52 2401 445 2469; baseline 0.013 -19"><span class='ocrx_word' id='word_1_186' title='bbox 52 2401 79 2452; x_wconf 89' lang='lat' dir='ltr'><strong>ris</strong></span> <span class='ocrx_word' id='word_1_187' title='bbox 97 2405 141 2466; x_wconf 70' lang='lat' dir='ltr'><strong>tbi.</strong></span> <span class='ocrx_word' id='word_1_188' title='bbox 157 2405 219 2469; x_wconf 86' lang='lat' dir='ltr'><strong>Ergo</strong></span> <span class='ocrx_word' id='word_1_189' title='bbox 237 2418 280 2455; x_wconf 88' lang='lat' dir='ltr'><strong>neo</strong></span> <span class='ocrx_word' id='word_1_190' title='bbox 296 2404 445 2457; x_wconf 79' lang='lat' dir='ltr'><strong>insecundo.</strong></span> 
     </span>
    </p>

    <p class='ocr_par' dir='ltr' id='par_1_10' title="bbox 52 2451 854 2686">
     <span class='ocr_line' id='line_1_27' title="bbox 80 2451 854 2542; baseline 0.001 -20"><span class='ocrx_word' id='word_1_191' title='bbox 80 2479 103 2524; x_wconf 84' lang='lat'><strong>3.</strong></span> <span class='ocrx_word' id='word_1_192' title='bbox 115 2478 239 2538; x_wconf 86' lang='lat' dir='ltr'><strong>Praeterea,</strong></span> <span class='ocrx_word' id='word_1_193' title='bbox 255 2477 276 2526; x_wconf 92' lang='lat' dir='ltr'><strong>si</strong></span> <span class='ocrx_word' id='word_1_194' title='bbox 290 2475 388 2541; x_wconf 84' lang='lat' dir='ltr'><strong>bigamia</strong></span> <span class='ocrx_word' id='word_1_195' title='bbox 401 2477 589 2542; x_wconf 86' lang='lat' dir='ltr'><strong>irregularitatem</strong></span> <span class='ocrx_word' id='word_1_196' title='bbox 603 2451 693 2540; x_wconf 80' lang='lat' dir='ltr'><strong>causat,</strong></span> <span class='ocrx_word' id='word_1_197' title='bbox 708 2477 748 2525; x_wconf 87' lang='lat' dir='ltr'><strong>aut</strong></span> <span class='ocrx_word' id='word_1_198' title='bbox 760 2476 806 2526; x_wconf 91' lang='lat' dir='ltr'><strong>boc</strong></span> <span class='ocrx_word' id='word_1_199' title='bbox 817 2478 854 2525; x_wconf 89' lang='lat' dir='ltr'><strong>est</strong></span> 
     </span>
     <span class='ocr_line' id='line_1_28' title="bbox 52 2546 854 2611; baseline 0.005 -19"><span class='ocrx_word' id='word_1_200' title='bbox 52 2546 135 2598; x_wconf 87' lang='lat' dir='ltr'><strong>ratione</strong></span> <span class='ocrx_word' id='word_1_201' title='bbox 150 2547 306 2610; x_wconf 82' lang='lat' dir='ltr'><strong>sacramenti,</strong></span> <span class='ocrx_word' id='word_1_202' title='bbox 326 2553 365 2603; x_wconf 85' lang='lat' dir='ltr'><strong>aui</strong></span> <span class='ocrx_word' id='word_1_203' title='bbox 379 2550 468 2600; x_wconf 89' lang='lat' dir='ltr'><strong>ratione</strong></span> <span class='ocrx_word' id='word_1_204' title='bbox 482 2549 579 2600; x_wconf 86' lang='lat' dir='ltr'><strong>carnalis</strong></span> <span class='ocrx_word' id='word_1_205' title='bbox 591 2547 686 2611; x_wconf 87' lang='lat' dir='ltr'><strong>oopulae.</strong></span> <span class='ocrx_word' id='word_1_206' title='bbox 696 2547 741 2597; x_wconf 85' lang='lat' dir='ltr'><strong>Sed</strong></span> <span class='ocrx_word' id='word_1_207' title='bbox 754 2559 802 2597; x_wconf 91' lang='lat' dir='ltr'><strong>non</strong></span> <span class='ocrx_word' id='word_1_208' title='bbox 816 2557 854 2596; x_wconf 88' lang='lat' dir='ltr'><strong>ra-</strong></span> 
     </span>
     <span class='ocr_line' id='line_1_29' title="bbox 52 2617 854 2686; baseline -0.001 -20"><span class='ocrx_word' id='word_1_209' title='bbox 52 2617 110 2670; x_wconf 85' lang='lat' dir='ltr'><strong>tione</strong></span> <span class='ocrx_word' id='word_1_210' title='bbox 123 2620 211 2684; x_wconf 82' lang='lat' dir='ltr'><strong>primi</strong></span> <span class='ocrx_word' id='word_1_211' title='bbox 204 2657 211 2681; x_wconf 90' lang='lat'><strong><em>‚</em></strong></span> <span class='ocrx_word' id='word_1_212' title='bbox 220 2618 277 2683; x_wconf 89' lang='lat' dir='ltr'><strong>quia</strong></span> <span class='ocrx_word' id='word_1_213' title='bbox 287 2620 321 2670; x_wconf 84' lang='lat' dir='ltr'><strong>sic</strong></span> <span class='ocrx_word' id='word_1_214' title='bbox 331 2620 351 2672; x_wconf 91' lang='lat' dir='ltr'><strong>si</strong></span> <span class='ocrx_word' id='word_1_215' title='bbox 362 2620 446 2686; x_wconf 81' lang='lat' dir='ltr'><strong>aliquia</strong></span> <span class='ocrx_word' id='word_1_216' title='bbox 456 2635 508 2672; x_wconf 89' lang='lat' dir='ltr'><strong>oum</strong></span> <span class='ocrx_word' id='word_1_217' title='bbox 517 2635 562 2672; x_wconf 86' lang='lat' dir='ltr'><strong>urna</strong></span> <span class='ocrx_word' id='word_1_218' title='bbox 574 2619 775 2684; x_wconf 85' lang='lat' dir='ltr'><strong>contraxissetper</strong></span> <span class='ocrx_word' id='word_1_219' title='bbox 784 2617 854 2668; x_wconf 84' lang='lat' dir='ltr'><strong>rerba</strong></span> 
     </span>
    </p>
   </div>
   <div class='ocr_carea' id='block_1_8' title="bbox 83 2771 739 2838">
    <p class='ocr_par' dir='ltr' id='par_1_11' title="bbox 83 2771 739 2838">
     <span class='ocr_line' id='line_1_30' title="bbox 83 2771 739 2838; baseline 0 -18"><span class='ocrx_word' id='word_1_220' title='bbox 83 2771 116 2836; x_wconf 84' lang='lat' dir='ltr'><strong>(t)</strong></span> <span class='ocrx_word' id='word_1_221' title='bbox 131 2778 168 2824; x_wconf 81' lang='lat' dir='ltr'><strong>Ex</strong></span> <span class='ocrx_word' id='word_1_222' title='bbox 182 2778 225 2822; x_wconf 85' lang='lat' dir='ltr'><strong>IV</strong></span> <span class='ocrx_word' id='word_1_223' title='bbox 240 2775 319 2828; x_wconf 78' lang='lat' dir='ltr'><strong>Soet..</strong></span> <span class='ocrx_word' id='word_1_224' title='bbox 333 2775 395 2824; x_wconf 78' lang='lat' dir='ltr'><strong>ellst‘</strong></span> <span class='ocrx_word' id='word_1_225' title='bbox 395 2777 447 2838; x_wconf 73' lang='lat' dir='ltr'><strong>ab,</strong></span> <span class='ocrx_word' id='word_1_226' title='bbox 462 2776 538 2838; x_wconf 80' lang='lat' dir='ltr'><strong>qu.‚3</strong></span> <span class='ocrx_word' id='word_1_227' title='bbox 553 2773 621 2822; x_wconf 80' lang='lat' dir='ltr'><strong>arti</strong></span> <span class='ocrx_word' id='word_1_228' title='bbox 638 2780 739 2832; x_wconf 78' lang='lat' dir='ltr'><strong>etaaqq</strong></span> 
     </span>
    </p>
   </div>
   <div class='ocr_carea' id='block_1_9' title="bbox 54 2845 851 2986">
    <p class='ocr_par' dir='ltr' id='par_1_12' title="bbox 54 2845 851 2984">
     <span class='ocr_line' id='line_1_31' title="bbox 54 2845 851 2984; baseline -0.006 -88"><span class='ocrx_word' id='word_1_229' title='bbox 54 2845 156 2984; x_wconf 60' lang='grc' dir='ltr'><strong>ρὶἱ)</strong></span> <span class='ocrx_word' id='word_1_230' title='bbox 134 2851 166 2894; x_wconf 82' lang='lat' dir='ltr'><strong>no</strong></span> <span class='ocrx_word' id='word_1_231' title='bbox 187 2855 253 2907; x_wconf 84' lang='lat' dir='ltr'><strong>patet</strong></span> <span class='ocrx_word' id='word_1_232' title='bbox 275 2851 365 2899; x_wconf 74' lang='lat' dir='ltr'><strong>nerra</strong></span> <span class='ocrx_word' id='word_1_233' title='bbox 376 2851 406 2899; x_wconf 79' lang='lat' dir='ltr'><strong>de</strong></span> <span class='ocrx_word' id='word_1_234' title='bbox 424 2851 530 2911; x_wconf 79' lang='lat' dir='ltr'><strong>legumes</strong></span> <span class='ocrx_word' id='word_1_235' title='bbox 548 2862 600 2896; x_wconf 83' lang='lat' dir='ltr'><strong>noo</strong></span> <span class='ocrx_word' id='word_1_236' title='bbox 620 2847 783 2901; x_wconf 66' lang='lat' dir='ltr'><strong>monopodia,</strong></span> <span class='ocrx_word' id='word_1_237' title='bbox 798 2855 851 2902; x_wconf 89' lang='lat' dir='ltr'><strong>eap.</strong></span> 
     </span>
     <span class='ocr_line' id='line_1_32' title="bbox 73 2922 211 2986; baseline 0.016 -30"><span class='ocrx_word' id='word_1_238' title='bbox 73 2922 118 2957; x_wconf 77' lang='lat' dir='ltr'><strong>aare</strong></span> <span class='ocrx_word' id='word_1_239' title='bbox 130 2925 211 2986; x_wconf 74' lang='lat' dir='ltr'><strong>carco.</strong></span> 
     </span>
    </p>
   </div>
   <div class='ocr_carea' id='block_1_10' title="bbox 0 0 994 3314">
    <p class='ocr_par' dir='ltr' id='par_1_13' title="bbox 0 0 994 3314">
     <span class='ocr_line' id='line_1_33' title="bbox 0 0 994 3314; baseline 0 0"><span class='ocrx_word' id='word_1_240' title='bbox 0 0 994 3314; x_wconf 95' lang='lat' dir='ltr'><strong> </strong></span> 
     </span>
    </p>
   </div>
  </div>
 </body>
</html>
