2026 3304
265 187 298 224 nn
313 187 478 226 ansanrnnnro
494 187 652 226 narmnrams.
816 180 861 228 itt

52 275 95 314 non
111 263 236 314 accusatur
251 263 312 324 qnod
332 275 378 312 non
391 269 441 326 est,
458 263 500 314 sed
522 266 597 326 potest
616 263 749 316 denuntiari
762 262 861 328 impedi·

52 338 167 396 mentum,
180 346 211 384 ne
227 333 396 384 matrimonium
411 336 568 385 contrahatur.

15 449 25 468 ,
80 406 116 456 Ad
132 407 240 468 quartum
259 403 392 465 dicendum,
408 404 468 468 quid
486 405 525 456 iile
545 403 584 469 qui
598 405 670 458 tacuit
682 406 773 470 primi,
788 419 863 472 quan-

55 477 130 541 doque
144 475 237 526 auditur
249 479 345 540 postea,
361 475 381 526 si
394 477 448 526 uelit
463 476 634 528 matrimonium
653 489 774 540 accusare,
789 491 862 543 quan·

54 549 131 612 doque
144 545 272 611 repellitum
287 548 346 610 quod
363 550 427 610 patet
444 561 474 600 ex
487 548 597 600 Decretaii
615 562 666 612 qnae
679 546 713 600 sic
726 549 798 600 dicit:
811 567 825 599 a
838 551 864 602 Si

52 621 259 684 postcontractum
270 617 440 669 matrimonium
454 618 536 682 aliquis
551 622 660 683 appareat
675 620 863 684 aecusator,cim

53 703 101 740 non
115 689 230 753 prodierit
243 689 266 738 in
280 689 396 752 publicum
419 691 509 754 ornando
522 690 611 752 banna,
627 690 752 742 secundnm
766 705 863 745 consuc-

52 757 178 822 tudinem,
193 759 218 808 in
231 761 335 812 ecclesiis
349 761 481 824 edebantur,
494 760 569 812 utrdm
579 773 624 812 uox
637 775 685 812 sua
699 761 779 814 debeat
795 775 862 814 accu-

53 832 152 884 sationis
167 831 273 892 admitti,
288 833 369 884 merito
383 833 454 897 quari
468 837 553 898 potest.
566 834 639 896 Super
650 845 695 896 quc
709 832 743 884 sic
757 834 863 886 duximus

53 902 261 966 distinguendum,
275 903 336 966 quod
347 903 369 955 si
382 907 486 968 tempore
497 903 677 956 denuntiationis
691 904 861 968 pramissae‚ia

53 975 92 1039 qui
100 975 153 1039 jam
163 973 298 1037 conjunctos
307 975 411 1039 impedit,
419 978 483 1026 entra
495 974 612 1026 diaecesim
621 975 748 1038 existebat,
758 977 796 1028 uei
806 975 863 1028 aits

56 1044 204 1096 denuntiatio
217 1060 263 1096 non
276 1047 351 1110 potnit
370 1046 398 1097 ad
415 1047 467 1110 eius
481 1046 587 1098 notitiam
607 1047 727 1110 omrenire
743 1048 787 1112 (ut
798 1047 862 1112 pati,

55 1115 165 1168 sinimiae
180 1116 318 1168 infirmitatis
336 1118 424 1170 terrore
437 1117 552 1179 laborans,
561 1130 624 1168 aanae
636 1118 720 1168 mentis
734 1118 861 1182 patiebatur

52 1187 150 1239 exilium
160 1225 173 1254 ,‚
183 1187 221 1236 rel
235 1187 259 1236 in
282 1187 348 1238 annis
364 1191 412 1238 erat
431 1191 478 1238 tam
493 1188 579 1238 teneris
594 1189 749 1252 constitutus,
759 1188 820 1252 qudd
834 1187 864 1240 ad

54 1259 285 1325 comprehensionem
298 1260 375 1310 talium
394 1260 445 1323 ejus
459 1263 514 1311 atas
524 1259 630 1312 sufficere
641 1274 687 1311 non
705 1260 804 1322 uniebat,
816 1273 859 1312 seu

54 1331 97 1382 alia
107 1343 181 1382 causa
194 1330 296 1396 legitima
306 1331 374 1384 inerit
384 1331 509 1394 impeditus
517 1332 536 1395 )‚
548 1331 600 1394 eJus
608 1331 728 1382 accusatio
736 1331 803 1382 debet
814 1343 860 1382 au-

55 1403 105 1454 diri.
122 1403 242 1468 Alioquin,
257 1407 365 1467 tanquam
374 1406 510 1467 suspectus,
525 1407 560 1454 est
572 1404 651 1467 procul
667 1402 734 1454 dubio
746 1401 860 1464 repellan-

15 1505 16 1508 =
57 1473 115 1537 dus;
132 1472 179 1522 nisi
196 1472 287 1537 proprio
301 1473 425 1524 firmaverit
437 1472 567 1536 Juramento
587 1473 649 1536 quod
665 1474 746 1536 postea
761 1469 864 1523 didicerit

56 1557 146 1609 eaquae
160 1543 280 1608 objecerit,
292 1548 315 1595 et
327 1544 354 1594 ad
365 1545 409 1596 hoc
418 1557 447 1595 ex
461 1543 548 1594 malitia
558 1556 605 1596 non
620 1543 740 1608 procedat.
752 1558 766 1591 n

350 1757 510 1810 nunccius
525 1758 567 1809 XI.

63 1910 151 1956 Uirium
161 1907 195 1952 ad
202 1905 373 1962 separationem
382 1904 531 1950 matrimonii
540 1904 660 1949 contracti
671 1904 733 1950 inter
746 1906 830 1964 affines
840 1910 864 1952 ct

195 1969 391 2026 consumatorem,
399 1967 493 2024 procedi
508 1967 590 2014 deceat
601 1979 644 2024 per
654 1971 729 2014 testea.

89 2120 127 2172 Ad
143 2115 290 2168 undecimum
311 2116 345 2166 sic
362 2116 500 2180 pmceditur.
513 2115 609 2166 Videtur
622 2116 687 2182 qudd
703 2117 727 2166 in
740 2117 780 2166 tali
799 2127 868 2166 causa

61 2203 107 2242 non
122 2189 155 2240 sit
168 2187 337 2253 pmcedendum
350 2201 391 2252 per
407 2191 487 2250 testes,
499 2188 556 2239 sicut
571 2187 596 2238 in
609 2188 663 2238 aliia
677 2188 760 2239 causis.
771 2187 829 2246 Quia
841 2187 868 2238 in

18 2279 22 2290 ⁸
61 2263 113 2313 aliis
128 2259 206 2312 causis
214 2260 355 2310 adducuntur
368 2261 397 2310 ad
411 2259 577 2310 testificandum
589 2261 725 2324 quicumque
741 2263 793 2310 sunt
804 2258 868 2308 omni

62 2331 199 2397 exceptione
209 2330 315 2394 majores.
332 2331 376 2381 Sed
390 2329 428 2381 nlc
439 2329 486 2381 non
496 2331 645 2382 admittuntur
654 2329 774 2392 extranei,
784 2341 863 2393 quam

61 2405 96 2455 via
115 2403 163 2454 sint
178 2401 242 2453 omni
257 2401 391 2466 exceptione
408 2402 514 2466 majores.
528 2403 596 2466 Ergo,
611 2405 657 2453 etc.

92 2481 118 2527 2.
134 2477 265 2534 Praeterea,
277 2477 349 2524 testes
368 2473 469 2538 suspecti
482 2475 510 2524 de
527 2474 615 2539 priuato
629 2473 684 2524 odio
696 2473 734 2524 uel
747 2485 838 2536 amore,
854 2471 868 2526 a

61 2545 197 2599 testimonio
213 2545 361 2610 repelluntur.
382 2545 428 2596 Sed
446 2545 544 2596 maximi
558 2547 656 2608 possunt
674 2543 796 2609 propinqui
814 2557 865 2598 esse

61 2617 164 2682 suspecti
177 2617 204 2666 de
216 2628 293 2666 amora
303 2620 408 2680 respectu
421 2615 489 2666 unius
497 2617 577 2681 partis,
589 2620 612 2667 et
624 2615 676 2668 odio
691 2617 719 2667 ad
727 2619 819 2685 partem
832 2615 866 2667 al·

62 2692 147 2740 teram.
162 2688 223 2750 Ergo
236 2699 283 2739 non
301 2691 338 2738 est
356 2686 491 2738 audiendum
505 2700 583 2738 eorum
594 2687 763 2741 testimonium.

95 2766 120 2811 a.
132 2761 261 2824 Praterea,
274 2760 442 2812 matrimonium
454 2765 489 2811 est
496 2761 641 2812 favorabilius
649 2761 716 2826 quan
727 2760 778 2812 alia
789 2771 864 2812 cansa

66 2832 92 2884 in
104 2832 230 2897 quibusda
244 2830 381 2895 rebuspnri
395 2832 549 2897 corporalibus
564 2831 646 2895 agitur.
658 2832 703 2883 Sed
719 2831 745 2881 in
760 2831 805 2881 iliis
819 2841 866 2881 non
884 2828 887 2836 “

64 2907 142 2969 potest
158 2903 221 2955 idem
235 2916 287 2956 esse
301 2904 368 2958 testis
379 2909 403 2960 ct
411 2908 536 2958 accusator.
546 2903 605 2968 Ergo
618 2917 661 2957 nec
672 2903 698 2955 in
708 2900 862 2962 matrimonia
