1946 3318
163 204 195 238 BE
211 201 366 239 illumilium
382 202 517 240 CORPORUH
534 202 722 240 RESURGENTlUU.
803 195 847 242 469

34 280 99 342 quod
110 281 216 342 resurgat
229 289 281 326 nero
294 275 375 338 bovis,
386 279 424 328 sed
436 291 489 328 mro
503 278 618 339 hominis3
633 277 689 328 eliis
698 280 758 330 enirn
771 287 849 344 posset

35 349 146 400 conmuni
166 349 228 412 quod
243 353 371 412 resurgeret
391 349 460 398 limus
474 351 502 400 de
519 363 565 413 qno
578 349 701 400 formatum
714 355 748 405 est
763 365 847 416 eorpus

37 423 106 471 ndae.
123 421 209 470 Temen
225 419 299 484 prime
317 419 394 482 opinio
415 421 518 471 coneedit
536 423 595 470 huns
612 421 730 470 rationem.

68 493 106 542 Ad
121 491 244 542 monrium
264 489 402 552 dicendum,
422 491 483 554 quiid
494 495 557 541 roste
569 491 607 541 ills
623 504 669 541 nou
682 491 726 542 luit
737 493 761 542 in
776 494 846 544 liam

34 565 66 612 de
94 561 235 624 perlectione
253 559 382 622 individui,
400 562 439 612 sed
461 561 565 612 ordinata
587 562 615 611 sd
634 561 847 626 multiplicationem

34 632 145 698 speciei3
162 633 223 682 nude
241 645 287 681 non
301 637 405 695 resurget
423 631 447 682 in
462 633 549 696 idam,
568 634 607 683 sed
623 634 648 683 in
665 635 727 698 Ere3
747 636 806 686 siout
823 637 848 686 el
879 693 882 700 g

35 716 123 756 semen
138 715 184 754 uon
197 706 299 764 resurget
312 703 337 752 in
351 707 488 767 generante,
502 705 541 753 sel
552 704 576 754 in
588 704 674 767 genito.

71 775 107 826 Ao
121 774 215 824 tertium
229 773 364 835 dicendum,
380 772 441 838 qnod
460 773 584 824 seeundum
599 775 697 838 primaru
710 777 843 840 opinionem

35 849 109 898 iseile
124 850 160 896 est
178 847 205 896 erl
220 846 425 908 hoorespourlere3
439 847 491 908 puis
506 859 586 896 earnes
603 851 710 898 onoreste
726 861 843 911 nunquam

35 922 95 970 sunt
106 920 136 968 de
146 919 242 968 veritate
256 918 361 967 humente
374 926 461 968 nature
471 918 496 968 in
506 918 656 978 corrodente,
666 917 758 969 luerunt
768 923 842 971 entem

35 991 67 1040 de
84 990 181 1040 vertute
198 986 304 1038 tremene
318 991 405 1038 nature
418 987 443 1038 in
457 1001 484 1038 eo
495 988 561 1051 eujus
580 1001 662 1038 curres
678 991 841 1052 comeduntur5

35 1066 61 1112 et
79 1061 112 1110 ite
127 1063 247 1122 resurgent
257 1057 282 1108 in
295 1059 385 1121 primo,
400 1063 480 1110 utnon
493 1059 519 1108 in
537 1059 645 1109 munnio.
660 1061 703 1109 Sed
719 1060 842 1110 seeundum

36 1132 166 1182 seeundum
173 1129 303 1194 opinionem
312 1134 336 1180 et
344 1131 446 1186 tertiam,
456 1129 634 1192 ununtpuodque
642 1129 667 1178 in
680 1129 719 1181 illo
728 1138 841 1194 resurget,

34 1205 59 1253 in
76 1214 126 1266 qno
142 1199 214 1264 msgts
235 1201 331 1250 sesessit
349 1201 377 1250 ad
395 1199 519 1264 perlectum
536 1198 734 1262 perticipationem
752 1200 844 1251 uirtutis

34 1273 144 1338 speciei3
158 1276 194 1334 et,
212 1271 232 1320 si
248 1272 365 1335 equaliter
382 1271 407 1320 in
422 1275 518 1334 utroque
528 1269 668 1332 arcesserit,
689 1274 795 1332 resurget
818 1271 842 1322 in

33 1347 76 1396 illo
91 1345 118 1394 in
134 1355 180 1406 ouo
192 1341 266 1406 prirn'o
280 1343 339 1401 luit,
354 1341 448 1404 quirin
463 1342 502 1392 illo
518 1341 592 1405 primo
606 1339 685 1390 hebuit
696 1340 800 1392 ordinem
815 1343 843 1390 erl

33 1413 228 1466 resurrectionem
241 1427 268 1463 ex
289 1413 448 1476 conjunctione
466 1414 494 1466 ed
513 1413 613 1463 animem
635 1411 767 1462 rationalem
780 1411 844 1462 illius

34 1485 148 1538 hominis.
168 1484 197 1532 lit
209 1483 275 1546 ideo,
286 1485 306 1532 si
319 1483 343 1532 in
357 1483 463 1534 carnibus
483 1483 591 1534 comestis
611 1483 655 1532 init
670 1481 744 1544 alique
759 1494 844 1544 super-

34 1559 130 1617 lluitrm,
144 1559 257 1618 questuon
270 1552 396 1618 pertineret
416 1555 445 1603 eol
463 1553 582 1604 veritatem
594 1555 699 1602 humaniue
719 1555 804 1602 nature
820 1552 843 1601 in

34 1628 133 1691 primo,
149 1638 265 1688 resurgere
280 1625 364 1688 poterit
377 1623 402 1674 in
414 1625 529 1687 secundm
544 1625 616 1683 alins,
631 1623 687 1672 illud
700 1623 760 1686 quel
774 1622 844 1686 perti·

35 1697 110 1746 nehut
121 1691 153 1744 ed
168 1694 357 1746 resurrectionem
372 1695 398 1746 in
412 1696 486 1758 primo
496 1731 504 1754 ,
516 1698 620 1757 resurget
629 1695 653 1744 in
667 1705 709 1753 eo,
720 1696 744 1742 et
755 1705 800 1744 non
818 1695 843 1744 in

34 1766 158 1826 seeund03
170 1766 210 1814 sed
223 1766 247 1814 in
261 1761 360 1818 semron
367 1803 375 1830 ,
386 1767 437 1816 loco
453 1767 505 1828 ejus
514 1770 616 1816 sumetur
630 1765 664 1815 vel
679 1763 765 1826 aliquid
778 1765 805 1814 de
816 1777 843 1815 eo

34 1837 101 1902 quod
115 1849 146 1885 err
159 1835 211 1886 aliis
225 1835 283 1886 cibis
295 1837 319 1886 in
332 1849 423 1887 earnem
439 1837 533 1886 serendi
547 1848 681 1887 conversum
693 1839 744 1896 est3
757 1836 810 1895 rel,
822 1836 843 1884 si

35 1909 102 1959 nnllo
113 1908 166 1958 elbo
183 1921 283 1970 unquam
296 1913 375 1972 pastus
390 1908 473 1958 luisset
493 1907 538 1958 nisi
557 1905 663 1958 carnibus
677 1907 795 1968 humanis,
808 1905 841 1956 di·

35 1980 94 2033 vinn
111 1980 196 2029 virtute
211 1979 301 2029 aliunde
314 1981 457 2042 suppleretur
468 1983 578 2042 qnantum
591 1978 731 2040 indigeretur
747 1979 773 2026 eol
790 1990 842 2041 per·

35 2052 164 2104 fertionem
184 2049 331 2112 quantitatis,
348 2051 408 2100 siout
426 2049 494 2116 etiarn
515 2051 607 2114 supplet
623 2050 648 2100 in
661 2048 706 2100 illis
725 2047 766 2112 qui
787 2053 841 2098 ente

35 2123 167 2186 perlectam
185 2123 277 2170 etatem
287 2119 467 2184 deceduntlteo
481 2134 521 2184 per
533 2123 575 2171 hoo
587 2119 670 2184 aliquid
682 2117 843 2182 prejudioetnr

32 2192 157 2245 identitati
174 2191 197 2240 in
214 2204 323 2254 numero,
342 2191 402 2242 siout
422 2205 465 2242 neo
483 2193 643 2256 prejudicatur
660 2204 700 2255 per
719 2192 762 2239 hoo
782 2191 841 2252 quoi

35 2269 116 2328 peries
131 2261 257 2316 sennium
271 2262 507 2314 meteriumiluuntet
521 2263 627 2313 retinent.

70 2337 106 2385 nd
118 2336 224 2398 quartum
238 2333 368 2395 luendum,
381 2335 442 2397 quod
461 2334 585 2384 seeundum
604 2333 701 2396 primam
713 2332 844 2396 opinionem

37 2407 107 2456 troile
122 2409 159 2456 est
175 2406 278 2469 soluere;
290 2404 343 2468 quia
357 2406 423 2468 ponit
437 2406 498 2468 quod
511 2417 590 2455 semen
604 2417 648 2454 non
670 2409 705 2454 est
718 2417 748 2452 ex
764 2415 845 2466 snper-

38 2479 85 2528 tluo
101 2476 223 2538 elimenti3
238 2477 299 2526 unde
318 2489 397 2526 carnes
411 2480 518 2526 noneste
535 2489 580 2527 uon
595 2479 714 2524 transeunt
727 2474 752 2522 in
767 2487 844 2524 semen

38 2561 69 2598 ex
85 2561 133 2612 qno
152 2560 209 2610 puer
224 2549 355 2610 generetur.
376 2548 420 2600 seu
434 2545 558 2600 seeundum
573 2546 628 2596 uliae
642 2547 699 2612 dues
713 2545 845 2610 opiniones,

36 2619 168 2672 dicendum
176 2622 212 2670 est
221 2617 281 2680 quod
292 2631 341 2669 non
353 2623 388 2667 est
401 2618 516 2681 possibile¹
525 2617 586 2681 qnod
599 2621 680 2679 toturn,
690 2617 752 2680 quod
764 2615 810 2665 luit
822 2617 847 2669 in

37 2690 149 2740 cornilius
163 2688 288 2749 comestis,
306 2689 330 2738 in
347 2701 426 2740 semen
440 2693 602 2752 eonvertatur,
616 2688 671 2751 quie
685 2689 738 2751 post
754 2686 848 2735 multam

38 2761 215 2826 deputationum
235 2760 282 2810 eibi
301 2759 432 2824 peruenitur
447 2760 475 2808 orl
494 2759 648 2810 deonotionem
661 2757 771 2819 seminis,
788 2758 848 2820 quod

37 2839 75 2882 est
90 2830 238 2896 superfluitas
249 2832 325 2882 ultimi
343 2829 404 2893 oihi;
415 2829 471 2881 illud
485 2836 562 2882 numm
573 2831 635 2894 quod
649 2831 677 2880 de
690 2828 795 2880 minibus
806 2842 849 2879 en-

39 2904 120 2954 mestis
134 2902 160 2954 in
175 2915 256 2953 minen
270 2901 425 2963 conuertitur,
435 2899 535 2964 pertinet
547 2904 620 2964 inagis
633 2901 662 2951 ed
676 2899 797 2950 ueritatem
809 2900 850 2948 liu·

154 3015 208 3052 vrri.
480 3037 482 3042 .
709 3002 737 3046 rt
