1924 3322
107 110 152 162 tot
236 123 443 173 sureueuutvnuu,
462 125 555 170 ouusr.
572 125 658 174 txrvt,
675 125 730 164 unu.
749 127 782 164 tx,

135 202 169 253 ld
180 202 272 254 tertium
281 202 412 262 dicendum,
423 199 483 264 qubd
498 201 609 252 elemento
620 201 645 252 iu
656 203 791 266 corporibus
803 203 913 256 humanis

105 275 242 336 existentia,
262 273 420 337 purgabuntur
432 271 561 336 perignem
577 273 645 324 etiarn
659 272 684 324 iu
695 275 828 338 corporibus
841 277 912 326 elec-

103 351 193 410 torum;
205 347 244 396 sed
256 347 298 396 hoc
308 358 349 410 per
360 344 458 394 divinum
471 344 577 396 virtutem
587 345 625 396 fiet
635 344 684 396 sino
696 346 799 396 oruciutn
813 347 910 397 doloris.

136 419 170 469 ld
184 420 288 481 quartum
312 415 444 477 dicendum,
464 415 525 478 quid
545 415 605 478 iguis
624 415 664 465 illo
680 428 727 465 non
748 422 800 479 aget
817 417 910 468 tautirm

105 489 229 542 secundino
246 488 371 538 naturalem
390 488 500 538 elementi
511 487 629 551 virtutem,
643 489 683 540 sed
698 488 768 538 etium
783 493 808 538 ut
822 490 911 541 divium

102 560 198 626 justitie
212 561 397 611 instrumentum.

138 633 171 683 lo
188 632 292 695 quintum
310 631 441 697 dicendum,
451 632 512 696 qudd
524 636 572 684 tres
586 636 639 682 suut
652 645 734 697 cousae,
748 645 819 696 querc
833 633 912 684 subitb

105 703 138 754 illi
154 705 194 767 qul
215 703 263 754 vivi
276 703 431 767 reperientur,
449 703 540 768 purgari
556 707 669 766 poterunt.
684 705 733 766 Una
744 707 795 766 est,
810 704 866 766 quio
885 706 909 754 iu

105 775 139 826 eis
152 789 224 840 pauco
233 776 349 839 pungendo
361 773 517 836 invenientur,
530 774 581 825 clm
596 774 720 826 terroribus
734 778 757 824 et
767 775 911 839 perseeutio-

108 847 174 898 nibus
188 846 369 911 procedentibus
383 846 468 898 tuerint
481 847 578 912 purgati.
591 847 696 898 Secundo
705 860 774 898 causo
788 851 823 898 est
831 884 841 910 ‚
855 848 912 911 quia

107 924 131 970 et
143 919 190 969 vivi
204 922 228 969 et
242 919 362 969 voluntarii
374 931 465 982 poenam
479 919 637 982 sustinebunt3
653 931 721 982 poeno
732 921 808 968 eutero
823 921 849 968 in
864 921 911 969 buc

104 990 152 1042 vita
167 987 294 1041 voluntarii
309 994 429 1054 suscepta,
443 989 514 1040 multi
531 990 583 1054 plus
594 995 676 1054 purgat
692 990 760 1054 quim
776 1003 845 1055 poeno
855 996 912 1056 post

106 1066 200 1113 mortem
222 1059 324 1124 indicta,
344 1061 402 1114 sicut
419 1064 482 1126 polet
496 1063 521 1112 in
537 1063 690 1128 martyribus3
705 1063 760 1125 quia
775 1079 788 1110 n
810 1061 830 1112 si
854 1063 911 1127 quid

105 1135 246 1197 purgandum
260 1134 282 1184 in
300 1134 335 1185 cis
349 1132 477 1195 invenitur,
487 1134 602 1196 passionis
615 1135 673 1184 lulce
692 1135 812 1196 tollitur,o
826 1139 855 1184 ut
865 1140 912 1185 Au·

105 1205 209 1268 gostinus
223 1207 291 1269 dieit;
308 1205 359 1256 cium
375 1209 452 1257 tumen
466 1218 533 1270 poeuu
547 1205 649 1270 martyrii
668 1205 699 1256 sit
713 1205 789 1256 brevis
801 1205 825 1255 in
842 1221 910 1258 coun-

103 1275 219 1340 purotione
233 1278 261 1328 ad
275 1291 365 1341 poeoam
379 1291 429 1340 quoe
447 1277 470 1327 iu
483 1277 612 1342 purgatorio
630 1277 763 1328 sustinetur,
773 1276 852 1328 l'ertio
861 1281 909 1337 est,

103 1349 157 1412 quia
172 1349 231 1400 calor
245 1348 284 1401 illo
302 1348 443 1413 recuperabit
457 1348 479 1398 in
501 1347 631 1399 intensione
647 1352 757 1412 quantum
777 1349 868 1400 omittit
885 1347 910 1398 in

104 1419 213 1484 temporis
225 1420 348 1472 brevitate.

373 1537 375 1541 “
393 1525 557 1580 luitnotus
569 1528 610 1578 tlt.

272 1655 356 1700 vtrltm
366 1653 431 1710 tonis
440 1652 482 1697 illc
491 1652 595 1696 involvet
605 1652 723 1708 reprobos.

134 1782 167 1831 lld
185 1793 271 1830 uounnr
288 1780 322 1830 sic
338 1780 477 1842 proceditur.
494 1779 586 1830 Videtur
603 1777 664 1843 qubd
678 1777 738 1842 ignis
750 1779 788 1830 ille
803 1793 851 1831 uon
866 1781 908 1832 in·
945 1803 946 1842 3

102 1853 179 1903 volvet
197 1851 313 1914 reprobos.
328 1852 384 1910 Quin
399 1863 467 1915 super
483 1850 537 1900 illud
559 1849 676 1906 Mutant..
693 1851 741 1900 lll:
763 1868 778 1898 n
797 1853 909 1917 purgabit

102 1922 161 1974 filios
175 1923 246 1982 Levi,
261 1939 277 1969 u
290 1922 346 1972 dicit
361 1922 440 1972 Glossu
452 1920 513 1985 qudd
528 1939 542 1972 u
556 1926 592 1972 est
607 1921 668 1984 ignis
677 1935 819 1974 consumens
831 1927 908 1976 malos

102 1999 126 2044 et
142 1993 203 2056 iguis
220 1993 321 2044 conllcm
332 1993 423 2042 bonos.
439 2009 452 2038 o
475 1993 503 2041 lit
520 2006 588 2057 snper
605 1992 659 2043 illud
680 1994 698 2042 l.
713 1993 749 2042 ud
764 1994 837 2051 Cor„
853 1997 902 2046 lll:

102 2064 310 2127 «uniuscnjusque
323 2075 380 2126 opus
393 2061 452 2126 ignis
466 2063 582 2128 probabit,
600 2081 614 2110 v
628 2063 683 2114 dicit
697 2063 777 2114 iterum
794 2066 879 2116 Glossu
896 2083 903 2116 ε
944 2087 945 2117 v

100 2153 116 2184 n
126 2137 187 2187 ltuos
199 2134 266 2198 ignes
279 2133 375 2198 legimus
388 2133 492 2186 loturos:
506 2149 576 2185 uurvm
589 2135 629 2197 qui
642 2135 747 2199 purgabit
760 2136 847 2186 clectos
854 2175 864 2201 ,
877 2143 901 2190 et

99 2207 213 2271 procedet
221 2204 347 2268 iudicium3
358 2205 453 2256 ultorum
467 2205 507 2268 qui
520 2206 628 2270 reprobos
639 2205 781 2256 cruciabit.»
797 2207 843 2258 Sed
860 2210 900 2260 bic

99 2283 135 2328 est
148 2277 209 2342 ignis
223 2277 321 2337 interut,
339 2278 379 2341 qui
395 2278 465 2328 malos
479 2276 592 2340 involvet3
603 2276 690 2339 primus
699 2281 775 2328 nutem
785 2282 822 2328 est
839 2280 899 2344 ignis
943 2339 944 2346 ἵ

99 2350 173 2400 ltnolis
190 2347 380 2412 conflagrationis.
395 2349 454 2412 llrgo
478 2349 537 2412 ignis
554 2347 629 2399 doubs
647 2349 831 2413 conflagrationis
853 2366 900 2405 uon
943 2355 944 2371 ¹

98 2421 142 2472 erit
152 2420 190 2471 ille
201 2420 240 2482 qui
252 2421 324 2471 mulos
336 2420 447 2473 involvet.

130 2495 152 2541 t.
163 2492 275 2542 Pretercu
283 2529 290 2551 ,
298 2491 360 2556 iguis
370 2492 408 2542 ille
420 2493 466 2543 boo
476 2491 614 2554 obsequetur
624 2491 648 2542 in
660 2491 794 2556 purgatione
809 2495 897 2546 muudi.

96 2564 157 2624 Ergo
170 2563 307 2613 remunerari
325 2564 393 2614 debet
405 2562 456 2614 ullis
469 2563 588 2614 elementis
602 2563 764 2626 remuneretis,
781 2569 804 2614 et
816 2567 899 2629 preci·

96 2632 140 2698 pue
154 2633 205 2684 edm
219 2633 278 2698 ignis
288 2635 319 2684 sit
327 2635 491 2686 nobilissimum
500 2635 672 2688 elementorum.
682 2636 734 2686 lton
746 2647 800 2697 orgo
809 2637 899 2688 videtur

95 2703 155 2768 quod
169 2705 313 2758 ininteronm
332 2707 414 2758 debeat
427 2705 496 2772 dejici
509 2707 537 2756 ad
547 2719 637 2770 poenam
651 2707 817 2758 damnatorum.

128 2780 151 2827 o.
166 2777 294 2841 Praeterea,
307 2778 368 2840 iguis
385 2777 425 2843 qni
438 2778 510 2829 melos
528 2777 649 2840 involvet,
665 2779 710 2830 erit
727 2779 787 2842 iguis
803 2779 893 2834 interni.
941 2803 942 2806 ¹

94 2846 139 2900 Sed
152 2847 212 2916 iguis
225 2849 264 2902 ille
278 2849 306 2904 ub
317 2849 383 2902 tuitio
393 2849 470 2902 muudi
484 2853 620 2916 preparatus
634 2854 671 2902 est
684 2850 815 2917 domuutls3
831 2853 892 2908 uude
940 2909 941 2912 Ἴ

15 3142 141 3228 ft
