1966 3304
202 163 235 201 un
250 159 312 202 nouo
328 161 456 202 urrunnu
472 163 532 203 rosa
549 163 659 204 rroararr.
787 149 835 206 ‘289

14 253 19 286 i
71 239 194 304 'turpiorm
206 240 298 304 quaudo
312 240 536 304 intremuerit,
551 241 604 306 qnia
617 241 660 293 etsi
673 243 727 293 actu
740 241 773 294 ini
784 257 833 296 non

14 311 36 358 i„
77 314 123 376 eat,
138 311 202 362 locus
214 315 291 362 tamen
304 311 345 362 iile
361 311 405 362 sibi
421 312 542 378 deputatus
551 317 596 364 esi.

17 389 41 429 tu
67 383 96 434 io
106 395 134 433 ea
142 382 213 434 eiiam
226 395 277 446 quae
290 382 527 448 eontraoojioiuntur,
542 385 678 450 respondere
689 387 790 451 oportet:
799 387 834 438 Ad

14 470 39 514 :‚.
66 463 127 504 omui
135 454 236 519 primum
246 455 367 505 dicendum
376 491 383 514 ‚
392 453 454 522 quod
467 455 618 520 Hieronymus
629 458 731 522 loquitur
743 459 771 510 do
781 471 836 525 apo-

14 539 36 588 rpp
69 525 94 576 iis
107 531 130 578 et
140 524 293 591 martyribus,
308 525 431 578 secontiam
443 527 487 578 hoo
504 528 565 591 quod
581 528 616 580 eis
629 529 739 580 accrescit
753 543 782 582 ex
793 543 836 596 po-

14 617 30 645 r.
69 597 216 664 magiona,
226 599 305 648 utnon
317 597 441 648 secundirm
456 599 501 649 iroo
510 600 572 662 quod
581 599 615 650 eis
629 601 734 664 eougmit
746 615 775 652 ex
791 601 836 652 de-

59 672 188 719 toraturu.
204 669 270 728 Quod
284 673 362 720 autem
377 669 432 720 dicit
446 683 486 722 uos
499 670 583 736 ubique
601 685 669 736 esse,
691 685 737 724 uon
751 677 787 725 est
800 674 835 724 iu·

15 740 31 788 u'
56 738 179 804 ‘igeudum
202 742 267 804 quasi
281 741 348 792 simui
365 742 412 793 sint
426 742 450 792 in
464 741 566 807 pluribus
584 743 660 808 iouis,
681 745 834 812 amotique,

23 851 29 858 .
82 811 139 874 quia
151 823 205 862 esse
217 817 314 876 possunt
327 811 367 863 uhi
379 813 467 865 volunt.

14 887 28 933 i.
63 883 94 933 ni
105 883 232 934 secundum
243 883 372 947 uiuendum,
387 884 447 949 quod
458 897 504 936 nou
513 890 549 938 est
561 885 636 938 simile
653 885 680 937 de
693 885 834 939 damonibus

22 955 25 1002 ζ
74 955 178 1019 angelis,
195 958 219 1006 et
238 955 357 1006 animabus
378 960 507 1008 sauctorum
530 961 558 1008 et
570 959 736 1010 damnatorum.
753 960 834 1024 iuguli

14 1063 24 1076 ,„
63 1025 94 1076 im
104 1027 160 1078 boni
170 1026 209 1076 uei
219 1027 272 1078 maii
286 1029 330 1079 hoo
340 1027 440 1079 oiiioium
453 1029 580 1080 sortiuntur
592 1033 619 1080 ut
633 1029 764 1081 hominihus
777 1043 835 1094 pru-

14 1101 20 1132 *
46 1095 91 1159 ‘t,
107 1099 146 1150 rui
165 1099 193 1150 ad
207 1099 345 1162 custodiam,
358 1100 396 1150 uei
406 1101 434 1151 ud
444 1101 587 1165 exereitum
601 1102 660 1166 quod
676 1101 704 1152 de
713 1101 833 1154 animabus

14 1193 15 1196 ¹
60 1169 149 1220 minum
168 1167 214 1221 diei
235 1182 281 1220 nou
302 1173 387 1233 potest.
405 1171 450 1224 Sed
464 1175 542 1224 tamen
557 1170 684 1224 secuudum
696 1176 833 1236 potestatem

53 1240 106 1292 oriae
117 1241 239 1292 animabus
249 1246 377 1293 sanctorum
387 1243 430 1294 troo
439 1244 552 1308 uongruit,
564 1241 624 1308 quod
635 1243 723 1308 possint
732 1257 784 1296 esse
791 1244 831 1295 uhi

14 1311 160 1377 r‘roiuorint3
175 1316 200 1364 et
212 1314 299 1364 honest
308 1314 370 1378 quod
384 1314 536 1380 Hieronymus
549 1305 657 1366 intendit.

16 1407 19 1433 z
61 1383 94 1434 nd
106 1385 201 1435 tertium
209 1385 412 1450 dicentiumquod
425 1385 658 1451 quamvisaiiquantio
671 1385 754 1438 animm
766 1399 832 1438 saua-

14 1457 103 1514 tiorum
114 1457 152 1506 vei
162 1457 320 1508 damnatorum
329 1458 505 1522 presentialiter
512 1457 589 1510 adsint
602 1457 642 1510 uiui
655 1461 774 1524 apparent,
786 1472 832 1510 non

25 1525 104 1576 'umen
126 1527 267 1578 eredendum
284 1533 320 1578 est
335 1531 381 1580 troo
393 1541 484 1594 semper
500 1530 613 1580 aooidere.
629 1529 755 1595 Aliquando
771 1528 833 1580 onim

14 1595 160 1660 ..hujusmodi
176 1599 328 1663 apparitiones
339 1600 412 1663 fiunt,
430 1603 467 1652 vei
481 1602 506 1650 in
520 1601 669 1664 dormiendo,
679 1602 717 1652 vei
730 1601 755 1652 in
772 1600 833 1666 rigi·

16 1691 20 1724 7
33 1665 106 1732 iunio,
117 1671 250 1735 operatione
261 1670 369 1722 bonorum
383 1673 421 1723 uei
431 1673 541 1724 malorum
553 1673 686 1737 spirituum,
696 1673 725 1723 ad
735 1671 833 1723 instruc·

14 1761 20 1772 2
33 1740 116 1792 tionem
130 1741 169 1794 rel
184 1741 341 1808 demptionem
358 1743 484 1796 virentium
499 1761 506 1795 ε
519 1745 578 1796 siout
591 1745 718 1796 'etiamrivi
728 1743 833 1795 homines

16 1813 166 1880 ,quandoque
180 1815 232 1866 aiiis
246 1819 355 1882 apparent
368 1820 392 1868 et
410 1816 444 1869 eis
454 1815 526 1868 multa
539 1817 618 1868 dicunt
629 1817 654 1868 iu
668 1816 769 1879 somnis,
780 1813 833 1866 uum

14 1885 103 1940 <tamen
115 1890 208 1940 constet
222 1898 263 1940 eos
278 1899 326 1940 non
346 1901 396 1942 esse
406 1892 546 1954 praesentes,
556 1887 614 1940 siout
634 1888 773 1955 Augustinus
791 1900 833 1952 per

14 1981 17 2012 z
31 1956 97 2008 uuita
106 1959 213 2028 exempta
228 1959 345 2026 probatio
358 1959 400 2014 lili.
413 1957 452 2012 'De
461 1973 525 2013 curu
537 1975 586 2026 pro
598 1963 710 2014 mortum
721 1959 829 2026 opsnatu.

320 2127 480 2222 inuramus
493 2171 550 2222 ru
657 2197 659 2204 x

93 2319 179 2364 Utrum
190 2317 278 2364 limbus
286 2317 419 2382 informitati
432 2318 495 2364 idem
504 2319 643 2378 pervasimus
653 2317 764 2366 Atratus.

60 2469 91 2520 ni
101 2473 207 2536 quartum
218 2469 252 2520 sio
261 2469 399 2534 procuditur.
410 2468 505 2522 Videtur
516 2469 576 2536 quod
588 2469 671 2522 iimhus
684 2467 769 2522 intumi
783 2483 830 2524 nou

35 2539 59 2590 sit
67 2539 127 2592 idem
136 2543 196 2605 quod
209 2541 275 2592 sinus
289 2541 394 2595 abruta.
409 2541 543 2594 Sioutenim
555 2543 610 2594 dicit
619 2543 768 2608 augustinus,
780 2545 830 2594 iiii.

36 2611 111 2677 Super
129 2613 215 2665 Gener.
231 2613 267 2664 ud
277 2613 319 2666 nt.
332 2615 393 2678 (cup.
404 2617 456 2678 35),
472 2615 592 2666 «nondum
605 2614 684 2666 inveni
694 2613 780 2666 interos
791 2615 832 2665 ali·

35 2685 80 2735 enni
96 2685 121 2735 in
139 2684 199 2736 bono
219 2685 326 2750 posuisse
346 2682 495 2752 Scriptorum.
512 2687 589 2746 »Seu
601 2691 674 2736 uinus
688 2685 795 2738 noram
808 2685 834 2734 in

35 2754 89 2806 iuno
101 2754 359 2820 martinummontem
375 2756 494 2820 subiungit
514 2757 669 2820 Augustinus,
685 2757 718 2809 sio
732 2757 809 2809 diuers
823 2771 830 2806 :
851 2756 853 2760 ’

36 2828 109 2878 «Nou
121 2828 215 2879 inbono
229 2827 389 2893 accipiendum
399 2831 476 2880 sinum
491 2829 597 2891 Abrahae,
609 2833 633 2880 et
645 2829 708 2882 iiiam
719 2829 832 2894 requiem,

35 2900 76 2963 quo
89 2901 123 2953 aiu
134 2901 220 2966 anguiis
233 2901 286 2968 pius
299 2913 386 2967 pauper
399 2903 488 2954 ablatus
505 2905 556 2968 est,
573 2901 653 2954 neseio
673 2901 750 2954 utrum
771 2899 835 2964 quis·

129 3015 183 3056 vui·
724 3008 740 3055 9
