1936 3306
258 263 289 298 nc
306 257 446 300 snarnaarrs
462 257 621 300 uoarncnmr.
729 297 732 301 Α
796 255 842 301 att

70 338 92 384 t.
104 333 259 395 {trainensi
271 332 378 396 suffragia
387 333 540 386 existentibus
550 332 575 384 in
584 333 716 398 purgatorio
726 334 839 402 valerent,

45 404 140 456 narimd
155 418 183 456 ea
201 404 334 456 iderentur
346 405 423 458 uetare
435 419 486 468 qna
504 408 559 456 sunt
576 406 604 456 ad
625 405 746 469 imperinm
762 419 841 458 eornm

40 479 103 528 iacta.
117 477 164 528 Sed
177 477 226 530 neo
242 489 289 527 non
300 488 390 540 semper
403 477 481 528 ualent
492 491 498 527 :
509 477 569 528 siem
582 477 603 528 si
616 477 702 540 aliquis
713 478 839 540 decedens,

40 549 141 613 disponat
154 552 189 601 tot
204 546 313 611 suffragia
324 561 365 611 pro
386 561 412 599 sc
424 548 488 612 tieri,
502 562 554 613 qum
567 547 588 598 si
602 549 661 598 mota
673 551 759 611 estant,
775 551 839 602 suiti-
920 591 921 595 ,

38 624 112 671 nerent
124 621 153 672 ad
168 623 237 671 totam
251 629 349 682 poenam·
358 619 492 669 abolendam
503 633 510 681 ;
521 620 598 682 posito
612 633 667 684 crgo
680 620 742 683 quod
755 620 838 686 hujus·

38 692 95 743 modi
113 691 222 754 satir-apia
236 689 370 740 differantur
381 703 501 754 quousque
512 691 551 742 iiie
564 703 657 755 paenam
665 693 782 756 evaserit,
792 691 838 744 ista

38 762 373 828 suffragiauihileiprodcrnnt
384 763 521 813 :nonenim
533 766 610 826 potest
619 761 664 814 dici
677 763 737 827 qudd
748 766 840 829 prosint

37 835 241 900 antequamtiann
254 837 374 898 postquam
384 838 461 884 autem
474 837 529 884 snut
545 835 607 884 iacta
623 833 657 884 eis
670 847 717 885 non
729 834 836 900 indiget,

39 909 145 973 quiajam
159 920 242 972 pannas
254 905 336 958 cussit.
350 907 412 969 drgo
425 905 533 970 suffragia
543 905 696 957 existentibus
710 907 735 958 ia
749 922 837 976 purga-

39 981 91 1031 torio
103 993 152 1032 non
168 980 255 1030 ualent.
838 1007 845 1016 .

62 1053 107 1103 Sed
118 1055 200 1104 contra
210 1052 248 1102 est
258 1083 266 1109 ‚
275 1049 335 1113 nurdd
344 1049 427 1101 dicitur
438 1049 466 1098 in
476 1049 552 1101 littera
566 1049 615 1113 (iv.
626 1050 706 1105 senor„
719 1049 772 1102 dist.
783 1053 835 1117 45),

37 1137 59 1174 er
72 1124 148 1176 uerbis
161 1121 287 1185 Augustini
298 1121 366 1186 (cap.
378 1125 424 1171 aad
439 1119 588 1172 amarando
597 1121 616 1186 )‚
628 1120 689 1185 quod
704 1123 835 1189 «suffragia

36 1201 125 1260 prosunt
141 1195 180 1248 his
194 1195 303 1258 quisunt
320 1193 465 1244 mediocriter
478 1191 533 1245 boui
547 1195 585 1245 uel
598 1193 662 1244 mali,
680 1209 694 1242 o
713 1194 757 1248 Sed
776 1195 835 1248 tates

37 1273 83 1318 sunt
93 1269 133 1333 qni
150 1268 177 1319 in
188 1266 320 1332 purgatorio
333 1263 471 1316 detinentur.
487 1265 561 1328 Ergo,
576 1269 621 1316 etc.

61 1344 192 1401 Praeterea,
207 1337 335 1402 Dionysius·
343 1336 401 1388 dicit
412 1338 437 1386 iu
449 1337 498 1387 vii.
513 1349 564 1401 cap.
579 1336 673 1388 Erotes.
688 1338 831 1394 armant„

36 1412 89 1474 pund
101 1431 114 1462 u
128 1413 224 1465 &uinus
238 1409 342 1460 sacerdos
352 1421 392 1472 pro
409 1409 588 1458 mortnisoraas
600 1445 606 1469 ,
618 1421 660 1472 pro
673 1408 720 1459 iilis
731 1413 781 1459 orat
792 1411 832 1473 qui

36 1485 105 1536 saneta
122 1485 250 1542 vixerunt,
266 1484 288 1531 ct
300 1483 378 1530 mmen
391 1477 479 1543 siquas
496 1481 597 1531 macutes
610 1479 740 1530 habuerunt
753 1493 783 1530 cr
797 1481 832 1530 in-

35 1553 131 1608 firmitate
146 1558 248 1606 hnmana
265 1556 404 1603 contractas.
417 1567 432 1599 s
446 1552 490 1602 Scd
505 1551 600 1602 talesia
617 1551 749 1615 purgatorio
768 1551 832 1602 deti-

36 1631 119 1680 nentur.
134 1630 212 1690 Ergo,
228 1628 272 1676 etc.

62 1700 223 1762 (Concnusro.
245 1721 276 1738 -
291 1695 403 1758 Suffragia
415 1695 520 1747 uiuorum
534 1693 620 1745 auritio
635 1698 689 1744 suat
709 1693 739 1746 iis
750 1695 790 1758 qui
807 1695 831 1744 iu

36 1772 156 1834 prirgntorio
175 1770 317 1831 detinentur,
332 1765 384 1821 oiim
403 1779 472 1831 opera
486 1766 554 1818 unius
569 1765 660 1831 possint
678 1765 754 1818 ualere
765 1766 831 1818 atteri

38 1843 58 1891 ad
70 1842 258 1896 satisfactionem.
272 1840 281 1903 )

60 1913 196 1981 despondeo
207 1911 341 1976 dicendum,
355 1909 417 1974 quod
427 1923 496 1974 porca
508 1910 632 1975 purgatorii
647 1913 683 1962 cst
693 1909 718 1960 in
737 1911 830 1975 supple-

37 1990 126 2038 mentum
138 1984 321 2043 satisfactionis,
333 1995 383 2047 qun
394 1995 441 2033 non
455 1982 531 2034 inerat
544 1981 614 2046 pleat
627 1982 651 2033 in
662 1995 757 2046 corpore
771 1995 829 2033 con-

38 2061 153 2119 summem
169 2061 193 2108 et
214 2057 266 2107 ideo
283 2057 337 2119 quia
353 2055 429 2116 tsicut
443 2067 471 2105 cx
492 2054 559 2104 dictis
579 2053 660 2118 patet)
673 2065 744 2117 opera
762 2053 830 2106 anius

38 2135 123 2185 possunt
135 2129 214 2180 ualere
231 2127 295 2178 alteri
308 2127 336 2176 nd
348 2124 528 2177 satisfactionem
542 2125 610 2190 (siue
618 2125 687 2174 uirus
701 2124 752 2174 sive
768 2137 828 2175 mor-

37 2199 81 2250 tuus
97 2202 168 2253 tuerit
178 2201 188 2266 t
200 2237 208 2264 ,
222 2213 267 2251 non
282 2203 319 2250 cst
330 2197 424 2249 dubium
437 2195 492 2260 qnia
504 2196 612 2260 suffragia
626 2209 668 2260 per
680 2196 745 2246 viros
758 2195 826 2258 sacta,

39 2270 177 2325 existentibus
187 2274 213 2327 in
226 2267 359 2336 purgatorio
371 2269 468 2333 prosint.
485 2286 487 2290 ¹

62 2345 91 2394 td
103 2346 203 2410 primum
216 2356 270 2404 ergo
282 2341 421 2404 dicendum,
431 2340 492 2403 qnod
501 2339 623 2392 auotoritas
635 2339 674 2388 iila
686 2337 785 2401 loquitur
798 2341 826 2390 dc

39 2409 114 2467 interno
132 2419 305 2473 damnatorum,
322 2413 347 2463 ia
359 2425 405 2476 qno
419 2411 481 2462 nulia
500 2415 537 2462 est
551 2411 691 2474 redemptio,
714 2410 825 2472 quantinus

39 2485 58 2532 ad
70 2486 117 2539 iilos
130 2503 170 2552 qur
185 2489 239 2538 sunt
253 2486 349 2537 finaliter
358 2485 480 2549 talipoenn
490 2483 584 2534 addicti.
598 2483 643 2532 Vei
658 2481 777 2532 dicandum
788 2495 826 2531 se·

39 2559 123 2630 arundini
143 2563 306 2612 damascenum
319 2557 343 2608 in
357 2571 462 2610 sermone
482 2559 518 2606 Dc
536 2552 779 2618 dormientibnr(ucl
793 2553 826 2603 de

40 2625 161 2691 defunctis,
168 2632 210 2682 nbi
218 2629 308 2696 snpra),
319 2630 379 2694 quid
394 2629 525 2694 trujrrsrnodi
534 2627 681 2678 auctoritates
690 2629 743 2676 snat
754 2637 824 2688 expo-

40 2703 105 2754 aenda
113 2703 238 2756 secundam
246 2715 330 2754 causas
338 2702 466 2763 inferiores,
475 2701 499 2752 id
507 2697 675 2751 estsccnndirm
684 2696 824 2762 exigentiam

40 2772 155 2826 neritmum
170 2789 249 2828 eorum
268 2775 308 2839 qui
322 2774 397 2838 poeois
408 2775 558 2838 deputantur3
573 2771 615 2820 sed
627 2767 753 2820 secundim
766 2767 824 2819 divi-

42 2853 83 2912 dit]
101 2848 288 2910 misericordiam,
304 2861 355 2909 qum
375 2847 449 2896 uincit
468 2848 569 2896 humana
586 2843 666 2892 merita
676 2879 684 2905 ,
704 2841 731 2892 ad
746 2851 825 2905 preces

40 2917 136 2970 iustorum
151 2921 217 2972 aliter
230 2920 364 2984 qrrandopuc
379 2918 519 2982 disponitur,
536 2915 604 2978 quarn
614 2915 729 2968 sententia
744 2909 824 2976 prndi-

43 2989 113 3043 ctarum
124 2993 279 3046 auctoritatum
293 2991 409 3044 contineat
430 3006 435 3039 :
454 2991 514 3042 Deus
533 2990 609 3038 autem
625 3005 638 3036 u
650 2989 722 3038 mutat
734 2985 826 3034 senmu-
