1936 3306
252 204 284 240 DE
300 202 441 242 sumens
457 204 616 252 montuosum.
677 159 680 166 ⁴
791 201 837 248 367

29 291 138 348 qnaepro
150 279 261 346 alianlm
274 279 405 343 specialiter
413 280 526 332 orationes
536 281 636 332 instituit
642 320 650 346 ,
663 281 767 335 dicebant
775 287 836 352 qndd

30 357 70 406 troc
92 351 199 402 Ecclesia
217 351 273 400 lecit
293 351 321 400 ad
334 349 477 401 excitandam
494 353 641 406 devotionern
660 355 777 419 fidelium,
796 359 836 422 uu

28 424 150 490 proniores
164 426 218 473 sunt
231 423 257 472 ad
266 421 371 472 facienda
381 423 489 487 specialia
499 424 607 489 sutfragia
617 425 685 490 quan
694 429 835 492 communis,

27 503 48 548 et
62 493 195 546 terrentius
206 493 275 544 etiam
289 507 331 557 pro
342 492 390 544 suis
401 493 534 558 propinquis
549 500 616 546 orant
625 497 694 562 quim
707 512 749 562 pro
758 504 834 551 extra-

25 569 85 620 neis.
101 565 175 618 utne
188 564 300 616 contrario
314 563 419 616 dixerunt
430 565 491 630 quid
505 566 613 632 sutfragia
628 569 700 634 magis
709 572 787 622 velent
800 571 834 624 eis

25 654 65 704 pro
84 638 173 702 quibus
184 637 250 686 liunt.
265 637 365 700 Utraque
376 639 452 687 autern
462 636 539 701 opinio
553 639 677 690 secundinus
692 640 776 706 aliquid
791 657 832 694 re-

25 713 118 763 u'tatonr
131 709 216 771 habet3
229 709 293 760 valor
303 708 365 758 enirn
376 709 537 772 suffragiorum
547 711 640 774 pensari
650 715 727 776 potest
737 727 766 764 ex
777 714 832 766 duo

24 785 75 834 bns.
96 782 185 832 Valent
198 781 260 832 enim
273 794 320 830 uno
334 781 403 832 modo
418 794 448 831 ex
464 780 548 831 vitute
565 782 696 845 charitatis,
711 798 762 847 quar
778 785 834 836 iacit

26 855 103 905 omnia
118 855 182 904 bona
193 851 337 903 communia:
349 855 373 902 et
386 849 511 902 secundnm
520 852 578 913 troc,
590 852 663 917 inagis
673 854 751 904 retent
762 855 783 906 ei
793 855 834 919 qui

27 927 99 991 magis
117 923 231 975 ctraritute
248 927 283 973 est
297 923 392 987 plenus,
408 923 513 988 quamvis
533 932 574 988 pro
592 936 621 975 eo
640 925 768 1006 specialiter
787 941 833 978 uon

25 997 96 1062 innt3
113 1001 139 1048 et
158 996 192 1045 sic
210 995 274 1046 vetor
296 995 455 1058 suffragiorum
472 995 597 1046 attenditur
614 995 688 1060 magis
707 998 833 1050 secundlun

25 1069 152 1134 qnamdam
168 1067 300 1134 interiorem
310 1067 640 1130 consolationem,secunddrn
657 1066 718 1131 quod
735 1082 794 1122 unus
807 1071 832 1120 in

24 1142 140 1192 charitate
158 1138 260 1189 existens
273 1137 381 1188 debonis
398 1137 491 1188 alterins
509 1137 636 1190 delectatur
652 1142 832 1206 postmortem,

24 1216 138 1276 quantum
158 1211 187 1260 ad
203 1207 376 1260 diminutionem
394 1223 484 1274 poene3
498 1213 655 1274 postmortem
665 1209 726 1260 enim
738 1224 785 1261 non
796 1216 833 1264 est

24 1285 87 1336 locus
100 1281 236 1346 acquirendi
245 1280 357 1348 gratiam
351 1279 388 1330 nel
397 1281 504 1344 augendi,
515 1282 543 1332 ad
552 1281 612 1344 quod
622 1281 704 1332 nobis
698 1297 721 1332 ru
733 1283 781 1332 vita
791 1297 833 1334 va-

24 1356 71 1406 lent
92 1367 166 1420 opera
185 1353 281 1402 aliorum
299 1365 328 1403 ex
345 1343 429 1403 uirtute
450 1351 578 1403 charitatis.
601 1351 651 1403 llio
673 1353 740 1405 medo
756 1355 833 1408 valent

24 1425 137 1490 suffragia
152 1437 182 1475 ex
198 1425 242 1474 hoc
260 1423 319 1487 qudd
332 1433 374 1491 per
384 1421 537 1474 intentionenr
553 1423 622 1473 unius
635 1424 702 1475 alteri
716 1423 834 1488 apprimu-

25 1502 74 1560 tur,
92 1501 118 1547 et
135 1496 171 1546 sic
188 1490 314 1548 satisfactio
327 1495 397 1544 unius
408 1493 475 1544 alteri
488 1497 653 1576 computatur:
669 1499 693 1546 et
706 1497 750 1546 hoc
764 1498 831 1549 modo

24 1583 70 1620 non
84 1571 122 1619 est
139 1566 234 1617 dubium
248 1565 303 1631 quin
317 1565 388 1630 magis
399 1566 490 1616 valeant
501 1566 524 1616 ei
536 1579 579 1630 pro
595 1579 640 1630 quo
653 1565 742 1630 tiunt‚'
736 1566 783 1616 rmd
800 1568 833 1619 sic

24 1641 45 1693 ei
63 1640 109 1692 soli
123 1639 218 1698 valent3
233 1637 356 1689 satisfactio
367 1637 429 1688 enim
446 1637 538 1718 proprie
549 1638 577 1687 ad
590 1637 746 1690 remissionem
757 1647 832 1702 paenae

25 1714 154 1764 ordinatur.
172 1711 237 1762 Unde
258 1711 368 1772 quantum
392 1709 420 1759 ad
437 1708 594 1759 remissionem
610 1723 701 1772 poeuae,
715 1709 832 1784 precipue

26 1784 86 1835 valet
101 1770 235 1846 suffragium
251 1780 273 1832 ei
291 1793 333 1845 pro
350 1791 397 1845 quo
418 1780 470 1830 tit·
486 1783 509 1830 et
521 1777 648 1830 secundlrm
666 1781 709 1832 hoc
729 1771 830 1834 secunde

26 1850 651 1922 ΜΜΜΜΜΜΜ.·

56 1930 92 1980 ltd
113 1925 216 1992 primurn
235 1937 290 1990 ergo
312 1923 447 1986 dicendum,
461 1922 523 1987 quod
540 1923 646 1987 sutfragia
673 1927 770 1988 prosunt
791 1939 833 1990 per

26 2001 120 2052 modum
131 1995 240 2060 luminis,
251 1997 276 2047 in
289 1995 420 2060 qnantum
431 1995 526 2046 mortuis
539 1997 697 2060 acceptantur,
712 1999 736 2046 et
748 1997 831 2048 extunc

26 2072 150 2135 quamdam
162 2067 341 2120 consolationem
355 2067 483 2138 accipiunt,
498 2071 522 2118 et
536 2067 599 2118 tanto
618 2067 727 2132 maiorem
741 2068 828 2132 quanti

28 2142 109 2206 majori
120 2140 232 2191 charitate
246 2144 299 2191 sunt
312 2139 416 2204 praediti3
435 2141 476 2190 sed
490 2141 515 2190 iu
533 2143 642 2206 quantun
656 2138 763 2204 suffragia
777 2143 831 2190 sunt

27 2215 131 2276 quedam
143 2209 277 2272 satisfactio,
289 2224 331 2275 per
340 2210 491 2262 intentionenr
503 2207 608 2262 facientis
617 2209 725 2260 translata
734 2209 759 2260 in
772 2210 830 2268 alte·,

29 2299 92 2344 rum,
113 2297 161 2334 non
176 2285 230 2332 sunt
250 2281 334 2334 similla
347 2282 447 2344 lumini,
462 2283 504 2334 sed
521 2281 595 2345 magis
609 2281 716 2332 solutioni
732 2280 830 2346 alicujus

28 2355 108 2406 debiti.
123 2355 176 2404 lton
184 2357 263 2404 autem
272 2359 422 2415 estnecesse,
432 2356 457 2402 nt
471 2353 491 2403 si
503 2353 602 2404 debitum
613 2351 654 2420 pro
664 2365 712 2402 nno
721 2351 828 2414 soluitur,

29 2427 88 2490 qudd
100 2441 131 2478 ex
138 2427 185 2476 hoe
198 2425 299 2476 detritum
316 2424 411 2476 aliorum
426 2425 537 2476 solvatur.

58 2499 93 2549 ld
111 2497 240 2548 secundum
251 2496 382 2560 dicendum,
397 2491 531 2560 qudd'istnd
549 2495 653 2546 meritum
668 2498 703 2546 est
717 2493 829 2552 conditio-

30 2571 78 2622 nale
89 2585 96 2621 e
112 2571 158 2620 lroc
170 2568 231 2619 enim
246 2569 312 2619 modo
323 2567 366 2618 sibi
377 2573 515 2633 mernerunt,
525 2571 552 2618 nt
561 2568 604 2619 sibi
612 2569 746 2634 prodessent
757 2567 777 2619 si
788 2570 829 2632 pro

30 2643 60 2693 eis
69 2643 167 2706 tierent3
179 2641 239 2704 quod
251 2639 311 2690 nihil
324 2639 386 2692 aliud
397 2641 441 2691 luit
453 2641 521 2705 quim
534 2641 607 2691 lacere
619 2641 743 2699 selenites
754 2642 827 2693 adre-

29 2715 169 2780 cipieudum.
187 2711 251 2764 Unde
263 2715 326 2778 patet
339 2711 399 2774 quod
413 2726 460 2763 non
478 2710 562 2764 directe
581 2717 711 2764 menrerunt
724 2714 778 2766 illud
789 2711 830 2778 ju-

29 2799 111 2837 vamen
128 2783 306 2848 suffragiorum,
320 2784 361 2835 sed
374 2797 422 2848 per
427 2783 506 2834 merita
520 2783 670 2848 precedentis
685 2798 710 2836 se
726 2785 831 2836 habilita-

30 2863 114 2909 uernnt
131 2861 158 2907 ut
172 2855 272 2909 fructum
286 2855 444 2919 suffragiorum
457 2853 607 2921 susciperent.
623 2853 652 2906 lit
663 2855 715 2908 ideo
728 2871 774 2908 non
793 2869 830 2908 se·

30 2929 105 2994 uniter
119 2927 181 2994 quod
193 2929 297 2980 meritum
306 2941 385 2981 eornm
398 2927 561 2980 frustretnrs
