1976 3306
160 167 192 208 ne
207 165 349 207 veternare
364 167 392 206 nr
408 169 552 210 centenero
570 169 741 213 nomannorum.
809 177 851 225 til

41 241 164 310 telligitur
175 243 204 296 dc
217 243 332 296 voluntate
349 242 460 307 naturali,
473 257 523 311 quar
541 248 576 296 eet
595 245 712 299 inclinatio
720 251 811 300 nitore
824 249 850 302 in

45 313 147 380 niquod
167 313 260 366 ionum.
276 313 323 366 Sed
341 317 418 366 tanen
430 315 475 366 ista
492 316 602 368 naturalis
614 316 733 370 inclinatio
754 333 796 384 per
808 333 849 374 ec·

45 397 107 436 rum
120 383 230 436 malitiam
243 383 400 449 comnmpitnr,
412 383 438 435 in
447 391 557 448 quantum
572 387 617 440 lroc
627 387 712 439 bonum
732 391 793 453 quod
804 403 847 445 ne-

44 453 158 507 tnreliter
171 453 314 519 desiderent,
330 455 372 507 sni
385 454 516 520 quibusdam
531 455 596 508 malie
610 458 792 524 circumstantiis
806 474 847 528 ep-

43 529 146 592 petant.

22 623 26 649 r
83 599 121 650 Ad
139 597 261 650 secundnm
279 597 415 662 dicendum,
432 597 492 664 quod
513 599 625 658 molem,
639 601 664 654 in
685 607 793 668 qunntnm
810 608 847 655 est

44 668 156 732 malum,
170 679 217 719 non
234 671 312 719 moret
328 667 482 732 voluntalem,
498 669 537 722 sed
558 667 583 720 in
603 675 712 734 qnantum
730 679 766 726 est
785 675 847 726 esti·
868 687 896 718 α

43 743 141 790 metum
151 739 244 790 honum.
252 738 350 792 Sedlroc
362 751 392 790 ex
404 751 481 790 eornm
491 739 577 791 malitia
586 741 700 804 procedit,
715 748 740 794 nt
750 744 773 795 id
783 745 845 808 qnod

42 815 86 864 est
94 809 179 862 malnnr
186 810 298 862 estiment
304 814 329 861 ot
335 809 466 862 bonnm'lit
475 810 526 862 ideo
534 809 639 864 voluntas
646 825 724 865 eorum
732 819 767 866 est
776 815 844 866 malr.

75 881 118 948 *sd
135 881 227 932 tertium
240 880 378 944 dicendum,
391 878 452 946 qnod
465 880 557 932 habitus
574 883 684 935 virtutum
702 885 844 949 politicorum

42 963 97 1004 non
110 955 227 1004 remanent
239 951 264 1002 in
277 949 351 1002 noima
364 952 598 1018 spiramentum
610 953 705 1006 virtutes
719 955 763 1007 ille
776 954 844 1019 perli-

41 1023 114 1074 ciunt
123 1019 197 1074 aoldnr
209 1022 234 1074 in
244 1021 291 1072 vite
304 1019 382 1083 cirili,
396 1034 446 1085 que
466 1035 512 1074 non
526 1023 569 1073 erit
584 1028 638 1088 post
653 1025 712 1076 lieno
723 1024 805 1077 ritem.
817 1025 841 1078 Si

39 1097 127 1145 tamen
145 1095 301 1155 remanerent,
313 1104 429 1156 nunquam
441 1091 466 1144 in
484 1095 560 1144 actum
573 1093 675 1157 exirent,
690 1095 755 1158 qnasi
768 1095 843 1161 ligate

42 1175 79 1214 ex
92 1161 245 1216 obstinatione
258 1161 349 1214 meotis.

344 1341 501 1396 lflmcdltls
514 1343 542 1394 ll.

106 1467 191 1512 Utricm
209 1467 316 1512 domnoli
331 1467 571 1523 poniteaotdemolo
584 1466 778 1524 poodfocerrtot.

78 1590 115 1644 ld
133 1591 253 1644 secondum
275 1591 308 1642 sic
327 1591 462 1656 proceditur.
474 1591 568 1643 Videtur
582 1589 641 1657 qnod
662 1591 763 1644 damnati
781 1605 841 1644 nnn·

41 1675 117 1730 qnam
130 1661 253 1726 peniteant
266 1663 294 1715 de
307 1663 373 1714 malie
393 1675 443 1726 que
455 1663 568 1714 lecerunt.
577 1663 634 1722 onie
646 1660 701 1714 dicit
714 1661 840 1714 Bernerdrs

41 1733 73 1786 i'n
86 1733 193 1795 Contio,
206 1731 293 1797 quido
315 1734 433 1784 damnatos
451 1745 541 1798 semper
553 1734 603 1784 vult
619 1733 762 1796 iniquitatem
776 1746 840 1784 suern

42 1817 117 1870 quam
130 1803 193 1856 lecit.
206 1820 221 1852 o
235 1805 294 1866 Ergo
307 1815 423 1867 nunquam
435 1805 463 1855 de
476 1807 572 1868 peccato
585 1803 706 1856 commisse
719 1802 823 1867 penitet.

79 1879 105 1925 ε.
119 1877 247 1940 Preterm,
258 1875 317 1926 nelle
328 1887 353 1926 se
366 1882 413 1926 non
422 1887 539 1938 peccasse,
549 1879 586 1926 est
597 1875 656 1926 lone
670 1875 783 1926 noluntas.
795 1875 841 1927 Sed

42 1946 148 1998 damnati
162 1958 276 2010 nunquam
288 1944 405 1996 habehant
418 1945 501 1996 bonam
511 1946 656 1996 volunlatem.
667 1946 725 2009 Ergo
741 1946 841 1998 dementi

43 2030 163 2082 nunqnam
179 2018 257 2068 nolent
267 2028 293 2068 se
307 2027 352 2067 non
365 2027 479 2080 peccasse.
493 2015 522 2066 llt
539 2015 573 2067 sic
589 2015 648 2067 idem
662 2016 722 2080 qaod
735 2013 807 2079 pride.

79 2091 103 2138 t.
117 2085 227 2139 Preterea
235 2123 244 2150 ,
259 2085 384 2138 secondom
394 2085 560 2136 Damascenum
573 2085 612 2138 lib.
631 2083 660 2134 ll.
676 2085 712 2134 lie
725 2083 778 2146 fide
794 2099 841 2133 or-

45 2155 130 2215 thod„
150 2169 202 2221 rep.
219 2160 269 2219 lt,
287 2173 302 2205 a
316 2158 360 2207 hoc
379 2159 414 2206 est
434 2155 564 2207 hominibus
585 2167 662 2216 mors,
676 2153 736 2218 quod
753 2153 840 2218 angelis

43 2239 124 2280 cesus.
137 2242 152 2276 c
166 2227 210 2278 Sed
224 2225 298 2290 angeli
311 2226 416 2276 voluntas
429 2229 571 2289 possessum
584 2228 620 2276 eet
628 2223 781 2286 invertibilis,
795 2224 840 2274 lnoc

42 2299 114 2352 modo
128 2301 154 2349 ut
167 2309 214 2351 non
226 2296 297 2362 possit
312 2295 415 2348 recedere
428 2296 457 2346 elo
470 2296 579 2356 electione
592 2307 636 2360 qna
649 2293 713 2358 prids
726 2294 840 2360 peceant.

42 2373 105 2434 Ergo
119 2374 142 2422 et
154 2367 256 2420 damnati
270 2377 317 2420 non
325 2370 421 2432 possunt
429 2364 539 2431 penitere
549 2366 578 2418 de
591 2365 692 2432 peccatis
706 2363 720 2416 i
732 2377 758 2416 se
773 2377 837 2417 com-

42 2453 134 2494 missis.

77 2514 102 2562 t.
117 2510 236 2572 Preterea,
244 2509 316 2574 maJ‘or
328 2507 372 2560 erit
387 2507 525 2574 perversitas
535 2507 690 2558 damnatorum
703 2505 728 2558 io
738 2504 838 2570 interno,

42 2593 114 2649 qoem
131 2583 274 2645 peccator-arm
288 2580 313 2630 in
329 2579 374 2631 hoc
393 2579 486 2630 mnodo.
509 2577 555 2630 Sei
571 2579 704 2642 peccatores
723 2575 793 2640 aliqui
814 2575 840 2628 in

41 2742 85 2790 τοῦ
98 2737 171 2786 salet
184 2731 225 2784 καὶ
237 2736 276 2784 τοῦ
287 2731 375 2804 ἀγαθοῦ
387 2729 503 2802 ἐφίεσθαι,
519 2737 544 2776 ut
560 2727 576 2790 ἓ
597 2729 629 2788 2,
650 2728 730 2776 versis
750 2727 838 2791 finem,

42 2807 160 2856 editiones
174 2816 239 2851 noete
251 2803 378 2862 graeco-int.
393 2803 495 2856 habent;
510 2801 553 2848 sed
565 2801 687 2860 responsio
697 2811 798 2858 eoquens
808 2799 838 2844 cle

43 2866 200 2918 involuntario
220 2867 281 2914 mele
292 2878 321 2913 ex
336 2862 390 2926 §et
406 2872 430 2912 ot
442 2865 474 2912 es
486 2863 609 2922 colligitur.

109 2967 167 3007 tran.
724 2965 751 3011 21
