1948 3312
200 106 231 144 ob
244 103 375 150 Qudbl'i'ffl
390 103 466 144 lutto!
482 103 540 144 POST
556 104 679 145 dubiorum.
787 107 832 156 ὅθ’]

24 179 106 246 pride
118 178 204 236 dictum
219 180 271 244 est(
280 193 320 244 qo.
331 184 369 242 id,
381 179 495 241 art.9,ad
508 178 551 246 ε).
566 180 594 232 Et
606 179 656 232 ideo
670 192 714 232 non
731 183 833 248 sequitur

29 250 102 314 qnod
121 251 204 302 irustra
221 253 361 302 remaneant.

71 323 108 373 sd
120 326 224 384 quartum
237 321 369 384 dicendum,
383 319 442 384 oubd
459 323 532 372 motus
544 333 591 372 non
602 323 638 372 εει
650 323 678 373 de
695 323 833 386 perfectione

33 392 145 450 corporis
156 393 268 454 caelestis,
279 391 324 442 nisi
341 390 486 453 inquantum
497 404 537 456 per
552 393 595 443 drcc
609 396 644 443 εει
657 405 723 442 cansa
740 405 833 457 genera·

31 462 114 514 tionis
127 466 152 512 et
164 460 313 525 corruptionis
326 461 350 512 in
367 461 418 512 istis
437 461 589 512 inferioribus.
611 462 640 512 Et
650 463 773 513 secuudum
790 465 834 518 boe

31 533 112 584 etiam
127 535 202 583 modus
212 533 251 582 itte
266 531 320 582 tacit
333 543 413 594 corpus
425 531 516 582 coeleste
529 532 663 596 participare
677 532 776 584 diuinam
788 535 833 586 bo-

31 604 152 664 nitatem,
167 616 208 666 per
217 603 336 666 quamdam
349 601 519 652 similitudinem
535 601 681 654 causalitadis.
692 603 742 654 Nou
757 609 832 658 autem

30 679 121 724 motus
134 675 169 722 εει
183 673 211 722 de
225 671 364 736 perfectione
377 671 511 722 substantie
521 671 584 734 cmii,
593 685 644 736 quae
656 673 790 726 remanebit.
804 671 833 726 et

31 743 93 794 ideo
111 755 159 792 nou
172 743 273 805 sequitur
283 739 344 805 qudd
357 744 421 794 moto
436 743 540 794 cessante
552 741 638 806 adquid
652 743 679 794 de
694 744 832 808 perfectione

32 813 176 864 substantie
192 812 243 863 coti
256 811 357 862 tollatur.

69 883 106 934 dd
123 882 228 945 quintum
247 881 380 942 dicendum,
397 879 458 946 qubd
475 881 550 932 omnia
564 893 658 946 corpora
672 883 832 934 elementorum

32 953 190 1004 habebuntur
200 952 281 1015 seipsis
289 952 407 1015 quamdam
416 949 492 1014 glorie
501 951 633 1004 claritatem.
644 951 716 1012 Unde,
728 953 833 1016 quamuis

35 1023 117 1085 aliqua
131 1021 262 1086 superficies
277 1027 341 1074 terre
361 1034 408 1073 nou
426 1021 587 1072 illuminetnrd
601 1022 662 1084 sole,
676 1023 738 1074 mutio
757 1028 833 1078 tameo

34 1095 109 1145 modo
120 1093 247 1144 remanebit
260 1091 292 1142 ibi
305 1089 436 1144 obscuritas.
753 1101 754 1106 ¹

72 1163 108 1212 Ad
131 1166 222 1214 sextum
245 1161 382 1222 dicendum,
400 1160 460 1225 quod
482 1161 564 1222 Rom„
583 1161 649 1222 Viti,
663 1173 731 1226 super
750 1163 830 1214 iliud:

38 1251 55 1283 u
74 1233 157 1286 Omnis
174 1236 276 1284 creatura
291 1231 434 1296 ingemiscit,
448 1234 504 1294 odo,
526 1247 540 1278 o
555 1231 611 1282 dicit
628 1231 707 1282 Glossa
721 1232 833 1284 Ambrosii

36 1305 165 1370 expresse,
181 1303 241 1370 qudo
263 1303 364 1354 comnia
384 1303 495 1354 elementa
512 1315 564 1353 cum
585 1303 660 1354 labore
681 1303 773 1366 expient
792 1315 833 1354 sua

37 1376 127 1438 oiticia,
142 1375 201 1426 sicud
211 1373 246 1425 sol
258 1377 282 1424 ει
294 1375 346 1424 luca
363 1385 409 1423 nou
427 1371 476 1424 sine
495 1373 571 1424 labore
584 1377 667 1424 statuta
681 1373 725 1424 sibi
737 1373 833 1437 impleut

37 1447 132 1512 spatia,
146 1445 205 1508 quod
215 1447 250 1496 est
263 1440 330 1496 causd
343 1443 431 1504 costri;
446 1443 506 1495 unde
519 1444 638 1508 quiescent
650 1443 715 1494 uobis
727 1455 833 1508 assump-

37 1517 80 1568 tis.
93 1533 108 1568 u
122 1516 195 1568 Labor
206 1518 280 1566 autem
294 1514 332 1565 ilie
342 1513 383 1578 (ut
394 1513 475 1576 credo)
490 1525 536 1564 nou
548 1513 661 1578 siguificat
670 1513 768 1576 aliquam
781 1513 833 1565 tati·

37 1587 160 1652 gationem
173 1586 210 1638 vel
219 1584 348 1650 passionem
361 1583 408 1634 iliis
418 1584 549 1647 corporibus
564 1583 701 1636 accidentem
715 1597 743 1634 ex
757 1587 832 1646 motu,

37 1658 96 1710 cium
109 1659 186 1708 motus
198 1656 238 1708 iile
254 1657 285 1707 sit
298 1654 421 1714 naturalis,
440 1653 499 1704 ninii
517 1654 604 1704 babens
620 1656 649 1706 de
666 1653 788 1718 violentia,
806 1662 833 1708 ut

37 1726 154 1792 probatur
163 1729 188 1777 iu
198 1727 218 1776 1.
231 1725 267 1776 De
280 1725 338 1775 coelc
346 1727 371 1774 ei
385 1723 478 1773 mondo
491 1723 562 1786 (text.
574 1723 613 1788 9).
623 1723 669 1774 Sed
681 1725 742 1775 tabor
751 1724 784 1776 ibi
795 1725 833 1776 in·

38 1797 155 1862 tcliipitur
170 1796 271 1848 deiectus
284 1795 313 1847 ab
328 1807 356 1848 eo
371 1795 400 1845 ad
410 1795 470 1857 quod
483 1793 568 1857 aliquid
581 1795 663 1846 tendit.
682 1795 761 1860 Unde,
780 1797 834 1862 quia

38 1873 121 1922 motus
134 1868 173 1920 ille
185 1868 300 1920 ordinatus
309 1870 345 1918 est
355 1877 383 1916 cx
392 1863 468 1915 divina
479 1865 621 1928 providentia
632 1867 662 1917 ad
677 1868 833 1932 complendum

39 1951 165 1993 numerum
187 1937 377 1999 eiecturum‚iilo
398 1948 442 1986 uon
456 1936 568 2000 completo
588 1938 687 1988 noudum
708 1939 834 2003 assequitur

40 2012 101 2063 illud
115 2009 144 2060 ad
153 2009 212 2072 quod
225 2008 392 2060 ordinatusest.
405 2005 434 2056 Et
443 2005 494 2057 ideo
508 2006 689 2058 similitudinarie
702 2007 784 2058 dicitur
796 2009 833 2058 ia-

41 2081 143 2140 borare,
159 2079 218 2129 sicut
231 2079 297 2129 bomo
307 2077 399 2141 quinon
411 2077 478 2127 babet
488 2076 669 2140 quodinteudit3
681 2077 752 2128 ethic
766 2077 834 2128 etiam

42 2151 151 2203 deiectus
161 2149 174 2200 d
184 2149 240 2200 coelo
249 2148 351 2210 tolletur,
360 2147 454 2211 impleto
463 2159 557 2198 numero
568 2149 698 2198 electorum.
712 2147 753 2198 Vei
765 2148 833 2200 etiam

42 2225 124 2286 potest
145 2219 223 2270 reterri
240 2219 270 2269 ad
286 2217 422 2270 desiderium
437 2217 516 2270 futurae
532 2216 696 2274 innovationis,
715 2229 835 2280 quam‘ex

41 2291 125 2344 divina
138 2289 285 2354 dispositione
296 2291 409 2352 expectat.

76 2362 113 2414 dd
131 2363 252 2424 septimum
268 2359 405 2422 dicendum,
422 2357 483 2422 qubd
500 2357 588 2421 corpori
603 2355 690 2408 coelesti
706 2368 753 2408 non
774 2355 835 2410 inest

42 2431 239 2498 abquapotentia
251 2443 300 2495 que
313 2428 442 2494 perficiatur
460 2442 500 2492 per
513 2427 602 2490 locum,
618 2428 654 2478 uei
666 2437 717 2490 que
732 2426 791 2476 iacta
804 2428 835 2480 sit

41 2505 138 2570 propter
153 2501 214 2553 bunc
227 2499 293 2552 duem
300 2536 309 2564 ,
323 2499 406 2565 quiesi
419 2510 470 2551 esse
487 2497 512 2548 in
525 2496 565 2546 tuti
578 2496 643 2560 looo;
660 2496 700 2547 sed
712 2496 756 2546 boc
767 2498 834 2548 modo

43 2587 72 2626 sc
92 2571 161 2624 babet
173 2571 274 2636 potentia
291 2572 319 2622 ad
338 2571 379 2620 obt
394 2569 419 2622 in
433 2581 526 2632 corpore
541 2567 641 2630 celesti,
656 2567 715 2616 sicut
727 2578 753 2618 se
765 2567 834 2620 babet

44 2643 147 2711 potentia
167 2641 259 2693 euticis
275 2641 302 2692 ad
321 2642 364 2692 boc
382 2639 441 2704 qood
461 2638 531 2690 iaciat
548 2635 649 2688 diuersas
666 2637 745 2689 domos
766 2637 833 2688 unius

45 2715 122 2774 modi,
139 2723 234 2778 quarum
245 2709 265 2761 si
278 2723 346 2762 uuam
359 2711 443 2774 iaciat,
458 2721 504 2760 non
517 2705 599 2760 dicitur
611 2706 692 2758 trustra
708 2707 832 2770 potentiam

46 2783 184 2841 habereiit
201 2780 311 2848 similiter,
325 2781 349 2832 in
362 2791 503 2847 quocumque
518 2779 563 2832 scu
579 2781 675 2842 ponatur
691 2789 832 2844 corporaco-
