2026 3304
240 197 243 200 ·
269 199 300 236 na
316 197 477 238 rmnurunuro
495 198 653 240 aaarnrrarrs.
817 191 862 242 tin

46 275 138 327 uxoris.
163 278 192 323 3⁰
208 273 289 325 Utrum
307 277 411 326 causetur
430 289 459 326 ex
476 276 556 328 illicite
577 275 709 327 concubitu.
735 277 763 326 4⁰
781 277 862 328 Utrum

45 345 282 412 exsponsalibus.5⁰
290 346 369 396 Utrum
382 347 518 398 affinitassit
532 346 735 398 eausaaiinitatia.
748 348 864 399 6⁰Utrum

14 417 16 428 ’
45 419 153 469 affinitas
170 417 340 468 matrimonium
352 418 469 482 impediat.
486 424 513 468 '1⁰
525 417 604 470 Utrum
616 417 716 470 attritas
729 419 813 470 habeut
822 433 864 484 per

44 491 154 554 seipsam
165 490 258 553 gradus.
272 489 387 539 8⁰Utrirur
396 491 477 552 gradun
487 490 538 554 ejus
547 491 698 540 extendantur
708 492 769 542 sieut
782 493 865 556 padus

45 560 269 626 nunsauguinitatia.
285 565 312 609 9⁰
328 559 407 611 Utrum
421 560 589 612 matrimonium
604 563 664 625 quoti
678 567 715 612 est
732 563 792 613 inter
806 575 864 614 eon·

45 633 195 696 sanguineos
209 634 233 682 et
245 632 340 693 affines,
354 645 444 695 semper
460 631 490 682 sit
506 630 658 682 dirimendum
673 645 714 697 per
729 633 861 684 divortium.

46 707 95 754 10⁰
109 703 194 752 Uirium
209 703 237 753 aul
251 703 401 754 dirimendum
418 703 463 754 tale
481 703 665 766 matrimonium,
686 705 717 754 sit
730 705 864 768 proceden-

47 775 106 826 dum
129 786 177 838 per
190 772 252 823 uiam
264 774 426 825 accusationis.
444 777 488 824 11⁰
501 773 581 824 Utrum
595 775 619 824 in
633 775 673 824 tali
685 789 753 826 musa
768 776 799 826 sit
810 788 863 840 pro·

47 845 186 897 cedendum
201 847 339 908 pertesus

362 951 523 1004 ARTICULUS
538 954 559 1004 1.

14 1071 15 1078 ’
81 1075 177 1122 Utrum
192 1085 222 1118 ea:
238 1075 393 1120 matrimonio
411 1075 581 1132 conraopuinet
594 1075 700 1133 affinitas
716 1082 834 1124 causetur.

14 1163 15 1224 i
82 1203 119 1252 aa
132 1200 236 1264 parrum
249 1199 424 1265 stuproooauur
436 1201 479 1266 p).
494 1199 590 1252 vrauur
600 1201 661 1265 pou
673 1215 702 1254 ex
718 1204 862 1258 matamoro

48 1271 224 1335 consanguinei
245 1271 346 1322 affinitas
365 1283 412 1322 nun
439 1277 552 1323 oausmur.
576 1273 633 1332 Quia
658 1276 863 1340 «propterquod

50 1345 236 1409 unumquodque
244 1345 300 1406 tale,
309 1348 332 1396 et
340 1343 394 1394 iilud
406 1345 503 1408 magis»
513 1343 815 1410 (lib.l.Poeterior.,text.
826 1347 860 1408 t).

51 1417 97 1468 Sed
111 1417 199 1466 mulier
210 1415 276 1465 dueta
289 1415 314 1465 in
332 1415 503 1466 matrimonium
515 1429 562 1467 non
583 1417 730 1480 conjungitur
750 1415 820 1466 aliani
833 1418 862 1468 ue

51 1485 253 1551 consanguinitate
263 1485 316 1548 uiri,
335 1485 381 1536 uisi
394 1486 482 1536 ratione
497 1486 548 1538 uiri.
563 1487 620 1538 Cium
634 1500 687 1552 ergo
702 1499 749 1538 nou
759 1487 799 1537 iiat
811 1487 861 1540 uiro

52 1559 148 1620 affluis,
162 1571 207 1608 nee
217 1558 285 1608 alicui
298 1555 516 1622 consanguineorum
526 1557 569 1608 uiri
583 1559 658 1608 affluis
668 1558 720 1609 erit.

83 1636 109 1681 u.
122 1631 253 1690 Praeterea,
267 1641 346 1680 eorum
364 1641 415 1693 qua
425 1632 477 1678 sunt
497 1630 525 1679 ab
544 1629 645 1679 invicem
659 1633 772 1694 separata,
788 1633 809 1681 si
820 1631 863 1682 nui

52 1703 140 1766 aliquid
156 1699 317 1764 conjungatur,
333 1711 380 1750 non
397 1703 487 1765 oportet
499 1703 592 1764 propter
608 1701 653 1750 hoe
674 1699 733 1763 quid
745 1702 779 1752 eit
795 1701 862 1752 alteri

52 1774 216 1838 conjunctum.
231 1771 275 1822 Sed
288 1770 452 1835 consanguinei
463 1771 512 1834 jam
526 1773 580 1820 suut
593 1770 621 1821 ab
638 1769 736 1821 invirum
749 1773 857 1836 separati.

52 1845 113 1908 Ergo
127 1857 176 1894 nou
191 1845 281 1906 oportet
298 1841 373 1906 quod,
390 1841 410 1892 si
423 1840 499 1907 aliqua
523 1841 605 1892 mulier
627 1843 778 1906 enniungatur
793 1843 861 1896 atiani

53 1915 121 1978 uiro,
135 1917 232 1978 propter
247 1915 293 1964 hoa
314 1914 465 1977 conjungatur
481 1913 658 1976 consanguineis
678 1914 730 1978 ejus
744 1915 860 1966 omuibus.

86 1990 111 2038 3.
126 1981 254 2046 Praeterea,
269 1983 391 2034 relationes
406 1997 435 2034 ex
447 1983 562 2047 aliquibus
577 1985 720 2036 unitiouihus
736 1986 861 2036 innascun-

53 2060 100 2109 tur.
115 2058 164 2108 Sed
179 2057 243 2106 nuUa
253 2054 327 2106 unitio
340 2055 366 2106 tit
379 2055 404 2105 in
421 2055 596 2118 consanguineis
613 2057 670 2120 uiri,
684 2070 725 2120 per
739 2059 784 2108 hon
798 2057 860 2121 quoii

52 2129 91 2180 ilie
102 2127 169 2180 durii
178 2141 281 2178 uxorem.
291 2129 351 2190 Ergo
365 2141 411 2178 non
423 2127 533 2178 aceresnit
544 2127 577 2178 eia
588 2129 706 2178 affinitatis
719 2128 809 2179 relatio.

14 2237 16 2246 .
85 2201 132 2251 Sed
151 2201 245 2257 eontra,
259 2199 295 2248 uir
311 2202 334 2248 et
353 2213 411 2250 uxor
423 2199 553 2250 eiiciantur
570 2213 615 2249 uua
631 2211 693 2250 earo.
709 2198 735 2247 Si
751 2211 806 2262 ergo
825 2197 861 2250 vit
926 2207 930 2218 ·

14 2967 20 2978 ’

56 2268 184 2323 seeundum
194 2281 284 2318 carnem
297 2269 401 2320 omnihus
415 2269 464 2320 suis
478 2270 653 2334 consanguineis
666 2270 759 2332 attinet,
774 2272 798 2318 et
808 2281 860 2318 ruu=

55 2341 96 2393 tier
108 2341 191 2392 eadem
199 2340 288 2390 ratione
303 2340 408 2392 attuatii
421 2341 518 2392 eisdem.

84 2415 215 2474 Pratum,
230 2411 275 2462 hoe
289 2414 354 2475 patet
363 2423 405 2476 per
420 2412 566 2462 autmutates
579 2413 605 2462 iu
619 2411 695 2461 littera
708 2411 828 2462 adductas.

89 2485 287 2548 (Ceraunusro.-
302 2483 366 2532 Sicut
378 2495 406 2533 ex
421 2483 679 2547 naturaligeneratioue
697 2482 793 2546 efficitur
806 2495 862 2533 oon-

56 2555 215 2619 aangninitas‚
234 2553 267 2604 ita
282 2567 312 2605 ex
327 2554 472 2605 matrimonio
484 2557 508 2604 et
521 2554 608 2604 carnali
624 2554 705 2617 copula
719 2553 861 2604 contrahitur

57 2626 155 2676 affinitas
169 2625 231 2676 inter
240 2626 284 2676 uiri
294 2628 317 2676 et
329 2626 406 2676 uxoris
419 2625 624 2690 consanguineos.)
803 2663 804 2666 ,

87 2699 224 2762 Respondeo
242 2696 362 2748 dicendum
371 2696 453 2760 ,autu
471 2695 572 2746 amicitia
591 2695 695 2759 quadarn
713 2693 822 2746 naturaiis
834 2693 861 2744 in

92 2851 125 2915 (t)
141 2853 175 2898 Ex
196 2841 408 2912 1v,saot.,'uist.
428 2847 469 2909 ti,
487 2853 568 2904 quest.
586 2848 660 2908 unio,
675 2853 718 2894 ert.
740 2847 768 2906 i,
785 2855 863 2902 quaea-

63 2915 134 2962 tinne.
152 2915 165 2960 1
182 2919 207 2960 et
219 2925 287 2971 seqq.
