1976 3306
200 141 233 182 us
246 140 416 182 arsmrcoaorn
430 140 460 180 ar
474 141 581 182 susurria
595 143 650 193 unta,
666 143 719 182 arc.
811 136 856 184 itt

35 219 153 286 justam
170 220 280 280 wantum
297 218 326 268 ad
340 217 463 269 decentiam
477 217 559 269 divine
573 217 695 281 honitatis,
713 221 737 270 st
754 219 854 284 loquitur

38 291 88 342 de
113 291 216 340 creatura
229 288 354 338 secundum
367 300 439 352 genus
452 301 527 338 sunm.
538 290 589 340 Non
598 287 659 340 enim
672 292 707 352 est
716 293 855 342 conveniens

40 361 148 413 divine
157 360 302 421 bonitaii‚ut
311 363 383 412 totum
396 373 466 410 unum
476 373 548 422 genus
561 364 668 411 creature
679 361 769 412 deficiat
781 361 794 412 d
808 363 854 414 tina

39 436 157 497 propter
168 444 236 495 quem
246 435 282 481 est
291 430 390 493 iectum3
400 432 459 481 unde
469 445 512 482 nee
521 444 599 482 omnes
610 431 715 484 homines
725 445 766 482 nec
774 447 855 484 omnes

40 503 157 566 angelos
167 503 267 552 damnari
280 503 396 552 convenit.
413 501 456 552 Sed
470 502 528 550 nihil
547 502 651 566 prohibet
661 503 716 566 omn
734 505 802 567 aliqui
814 508 852 556 vei

41 587 88 626 ex
101 572 234 624 hominibus
246 573 283 622 vel
294 585 325 624 ex
334 573 420 636 angelis
431 572 455 624 in
464 576 575 626 aeternnnr
583 579 691 640 pereant;
702 574 755 638 qnia
768 577 852 628 divina

41 643 186 697 voluntatis
199 643 295 695 intentio
309 643 415 708 impletur
427 643 452 694 in
469 643 521 695 aliis
533 646 573 708 qui
584 646 712 698 salvantur.

349 825 510 878 aartcdttts
524 825 563 876 111.

50 954 151 1002 utrem
171 953 254 998 divina
267 952 430 999 misericordia
444 954 554 1027 patiatur
571 952 675 1000 donum
693 955 720 1002 in
736 947 859 1005 oetmnam'

7 1033 8 1036 ¹
404 1027 494 1072 parcere.

89 1145 125 1198 td
136 1146 228 1196 tertium
239 1144 273 1196 sic
281 1143 418 1208 proceditur.
431 1143 526 1194 videtur
534 1142 594 1206 qudd
607 1145 684 1196 divina
698 1145 849 1200 misericordia

4 1265 5 1276 ,
47 1230 107 1269 non
117 1217 215 1281 patiatur
226 1215 305 1267 saltem
315 1215 420 1266 homines
433 1212 576 1264 insternum
590 1214 672 1278 puniri.
682 1216 738 1274 Quia
753 1219 848 1274 denes„

47 1289 103 1348 vi,
114 1285 197 1338 dicitnr
213 1301 221 1336 s
235 1303 250 1332 u
262 1287 313 1338 Non
332 1284 472 1349 permanebit
484 1283 580 1348 spiritus
597 1297 663 1335 mens
675 1286 700 1336 iu
713 1288 804 1338 homine
825 1288 849 1338 iu

3 1387 5 1414 ψ
48 1363 181 1420 aeternnm,
192 1358 309 1421 caiacum
320 1360 363 1408 est.
378 1372 392 1403 u
404 1355 432 1404 Et
447 1354 557 1418 accipitur
572 1354 602 1404 iii
613 1358 722 1420 spr'ritus
735 1370 776 1420 pro
790 1357 848 1409 indi-

49 1427 182 1490 gnatione,
192 1429 219 1478 nt
236 1429 298 1490 patet
314 1439 355 1491 per
366 1425 468 1476 Glossam
479 1425 572 1476 ibidem.
583 1424 640 1474 Cium
652 1438 705 1488 ergo
720 1427 846 1490 indignatio

48 1497 100 1550 Dei
116 1509 163 1547 non
178 1496 209 1548 sit
221 1495 281 1547 alind
292 1495 359 1559 quam
372 1495 423 1558 eius
434 1508 509 1558 poena,
518 1506 564 1545 non
577 1494 685 1558 punietur
699 1497 844 1549 aeternaliter.

88 1573 115 1618 Ξ.
123 1570 243 1630 Preterea,
255 1566 352 1618 charites
360 1569 488 1617 sanctornm
496 1567 540 1615 hoe
550 1565 605 1616 iacit
614 1566 638 1615 in
650 1567 757 1630 praesenti
770 1572 795 1618 ut
803 1582 847 1633 pro

50 1638 160 1691 inimicis
169 1642 273 1689 exorent.
284 1637 328 1687 Sed
340 1639 396 1686 tnnc
409 1635 524 1686 habebunt
534 1635 691 1698 perfectiorem
703 1637 844 1689 charitatem.

49 1713 119 1773 Ergo
129 1712 184 1760 tunc
193 1709 288 1760 orabunt
297 1720 338 1772 pro
346 1701 445 1756 inimicis
454 1706 573 1756 damnatis.
584 1707 627 1757 Sed
638 1707 752 1758 orationes
768 1721 847 1760 corum

51 1793 111 1835 esse
123 1793 192 1830 cassu
203 1791 250 1828 non
262 1779 382 1842 poterant,
393 1776 443 1825 cdm
456 1775 502 1825 sint
513 1775 610 1827 maxime
621 1777 668 1828 tieo
681 1778 777 1841 accepti.
787 1779 846 1842 Ergo

50 1851 164 1917 precibus
180 1856 308 1901 sanctorum
319 1847 394 1898 duna
404 1846 557 1898 misericordia
575 1847 693 1898 damnatos
710 1849 845 1914 quandoque

52 1923 70 1976 a
86 1933 156 1986 poenu
166 1919 277 1972 liberabit.

89 1997 113 2043 8.
128 1993 254 2052 Preterea,
266 1992 311 2042 hoc
321 1989 381 2054 quod
391 1990 451 2039 deus
463 1999 554 2052 poenam
567 1989 723 2040 damnatorum
735 1992 844 2042 eternam

52 2063 162 2130 predixit
171 2099 180 2126 ‚
195 2065 224 2114 ad
243 2062 385 2127 prophetiam
405 2057 586 2112 comminationis
603 2058 718 2122 pertinet,
736 2059 776 2109 sed
793 2073 845 2123 pro·

53 2135 137 2202 pnetia
152 2133 333 2186 comminationis
352 2144 398 2183 non
420 2142 510 2194 semper
520 2127 638 2192 impletum
652 2129 712 2192 quod
729 2133 792 2193 patet
803 2145 844 2194 per

54 2210 104 2260 hoc
116 2205 177 2268 quod
197 2205 282 2254 dictum
300 2204 337 2254 est
350 2202 377 2252 dc
394 2201 538 2251 subversione
550 2198 645 2260 Niniue,
662 2198 716 2262 qnia
735 2212 781 2251 ncn
799 2202 842 2254 init

55 2277 180 2337 subversa,
190 2274 248 2325 sicut
259 2271 391 2337 predictum
406 2271 480 2320 iuerat
496 2281 537 2333 per
549 2270 692 2334 prophetam,
708 2269 747 2334 qui
759 2283 788 2320 ex
798 2273 843 2324 hoc

55 2347 126 2400 etiam
142 2341 345 2420 contristatngiuit.
357 2341 416 2404 Ergo
429 2340 518 2390 videtur
530 2339 590 2403 qndd
610 2337 680 2388 multd
693 2339 789 2404 amplids
801 2357 842 2406 per
873 2357 902 2433 ς]

56 2417 159 2470 dianam
177 2413 351 2466 misericordiam
367 2410 510 2463 comminatio
522 2421 596 2473 poena
611 2413 700 2460 aeterne
715 2419 842 2464 commnta-

56 2488 119 2540 uitur
133 2487 156 2537 in
170 2485 284 2536 mitiorem
294 2483 436 2545 sententiam,
447 2480 535 2544 quando
546 2478 571 2530 in
581 2479 664 2531 nuliius
675 2479 790 2532 tristitiam
800 2486 844 2536 sed

56 2561 84 2612 in
100 2558 199 2610 omnium
219 2556 324 2620 gaudium
334 2554 414 2605 cedere
427 2552 518 2616 poterit.

89 2633 113 2680 t.
128 2631 247 2686 Praeterea,
265 2627 293 2679 ad
307 2628 351 2676 hcc
363 2623 485 2687 facitquod
497 2621 522 2672 in
535 2619 629 2674 Psalm.
643 2621 837 2678 LXXVldiciturs

59 2698 192 2762 «Numquid
204 2698 229 2747 in
241 2701 347 2748 aeternnm
360 2696 470 2747 irascetur
482 2693 550 2744 [iens.
562 2709 576 2741 a
589 2693 634 2745 Sed
647 2694 681 2744 ira
694 2695 734 2746 Dei
746 2701 780 2747 est
789 2699 809 2762 ej
814 2712 840 2749 ns

59 2770 155 2837 punitio.
169 2771 228 2832 Ergo
240 2768 299 2818 Deus
314 2766 339 2818 in
348 2769 455 2818 smmum
472 2765 575 2817 homines
591 2777 636 2816 non
648 2765 735 2831 puniet.

90 2839 247 2901 conuersa,
261 2838 343 2898 isaie,
355 2837 422 2902 ith.
435 2839 459 2900 t,
470 2847 537 2901 super
553 2836 609 2891 illad
619 2837 690 2891 :uta
701 2841 774 2894 anem
786 2849 839 2906 pre,
