2026 3304
215 195 248 232 on
264 195 426 235 mensurno
440 195 499 236 vnrr
513 197 544 236 rr
559 197 667 236 ormrcrs.
797 191 851 238 tir

60 274 86 324 t.
101 271 239 334 Praemrea,
256 269 317 320 uuir
333 275 358 322 et
367 283 426 322 uxor
439 273 467 322 ud
483 273 548 336 paria
560 273 701 338 judicantur.
715 289 729 322 r
745 276 791 326 sed
806 287 846 327 ea·

33 345 113 396 centos
127 355 232 407 graecus,
241 342 350 394 delunott
360 357 430 394 uxore
437 343 487 406 sui,
498 358 545 396 non
556 349 632 410 potest
645 346 740 397 alteram
751 347 842 400 ducere.

32 417 90 480 lirgo
102 428 151 466 nec
163 426 238 476 uxor,
249 413 359 467 deiuueto
368 415 426 466 rim.
441 416 487 468 Sed
499 429 546 468 non
561 421 638 481 potest
655 418 701 468 sibi
710 417 794 470 auferri
811 420 857 484 lu·—

33 487 106 538 nullas
123 484 248 548 nubendi,
267 489 320 548 post
337 488 434 536 mortem
446 486 506 550 uiri,
522 501 563 552 per
581 487 625 538 riri
637 491 725 539 actum.
736 490 796 554 lingo
808 490 857 542 uir·

32 571 78 610 uon
90 559 178 622 potest
189 557 308 620 suscipere
321 557 411 608 ordines
430 561 483 620 post
497 559 674 611 matrimonium.

62 635 90 680 5.
109 630 245 689 Praeterea,
260 627 427 678 matmmouium
439 629 549 693 quuntlrm
561 631 686 694 opponitur
697 632 780 697 ordini,
791 637 855 685 tan·-

32 700 84 750 tdm
100 699 114 751 d
128 695 254 750 converso.
274 699 319 750 Sed
337 697 392 750 ordo
410 701 544 764 precedens
558 701 652 766 impedit
673 704 851 756 matrimonium

34 783 148 836 sequens.
167 770 238 833 Ergo,
250 773 294 820 etc.

62 843 111 893 Sed
134 844 232 904 contra,
250 841 352 904 religiosi
369 844 477 894 tenentur
493 844 521 894 ed
539 844 719 908 continentiam,
732 846 791 896 sient
811 847 854 898 iili‘

35 914 73 978 qui
90 916 151 964 sunt
161 911 186 961 in
196 912 267 965 sacris
276 913 403 963 ordinibus.
416 914 459 964 Sed
470 919 524 978 post
533 915 700 965 matrimonium
715 920 790 980 potest
798 918 850 968 ali-v

35 985 87 1048 quis
98 982 243 1046 religionem
256 983 349 1048 intrare,
359 984 467 1036 detumit
475 986 513 1038 rel
523 985 682 1036 consentiente
690 999 771 1039 nxore.
784 989 848 1054 lingo

36 1059 58 1106 et
71 1055 185 1106 ordinem
197 1054 323 1118 suscipere.

65 1127 199 1188 Praeterea,
213 1124 297 1189 aliquis
309 1129 386 1191 potest
395 1127 443 1178 tisri
452 1141 532 1180 seruus
539 1124 658 1180 lromiunm
667 1133 719 1194 post
730 1129 846 1182 matrimo-

36 1198 113 1248 nium.
133 1197 197 1259 Ergo
211 1200 234 1246 et
254 1209 337 1248 servus
349 1197 390 1248 liei
401 1211 443 1262 per
459 1200 628 1265 susceptionem
638 1200 733 1251 ordinis.
854 1207 856 1214 '

68 1269 279 1332 (cornans10.·-
290 1267 333 1318 llic
346 1269 432 1333 absque
444 1271 523 1320 uxoris
535 1283 650 1321 consensu
664 1271 693 1320 ad
701 1271 849 1322 sacrosordi·

36 1351 82 1390 nes
94 1337 220 1402 accedeus,
230 1339 282 1390 illos
290 1339 395 1404 suscipit,
406 1353 536 1406 manorum
552 1341 638 1392 ordinis
651 1343 786 1392 executione
803 1355 857 1392 cam

37 1413 193 1472 rear,quam
209 1413 286 1461 tamen
304 1411 402 1476 suscipit
414 1412 493 1463 uroms
512 1425 624 1464 consensu
642 1412 680 1462 rel
692 1416 765 1462 morte
776 1423 857 1462 auce·⁴

38 1480 137 1545 deute.)

69 1551 216 1616 Respondeo
225 1551 361 1616 dicendum,
373 1552 434 1616 ‹pudd
446 1551 616 1603 matrimonium
626 1565 673 1604 non
682 1551 778 1618 impedit
786 1553 857 1605 ordi·-

40 1622 77 1673 nis
87 1621 151 1672 sacri
168 1623 351 1687 susceptionem,
367 1624 420 1688 quia
430 1625 451 1675 si
464 1623 608 1674 matrimonio
622 1625 714 1686 inantus
730 1625 757 1674 ed
769 1637 849 1676 sacros

40 1693 135 1744 ordines
146 1693 242 1743 accedat
251 1731 257 1755 ,
265 1693 334 1744 etiam
346 1695 484 1746 reclamante
494 1706 579 1756 uxore,
590 1693 739 1744 nihilominus
753 1696 848 1744 charac-

40 1766 117 1814 terem
127 1762 218 1815 ordinis
230 1764 342 1828 suscipit,
356 1766 397 1816 ssd
408 1764 542 1816 executione
553 1763 640 1815 ordinis
654 1767 722 1814 caret.
736 1765 760 1814 Si
772 1766 847 1816 aulem

39 1834 135 1886 uolente
149 1835 278 1898 uxore,rel
294 1835 344 1899 ipsi
359 1835 473 1898 defuncti,
485 1835 567 1898 recipit
580 1835 681 1886 ordinem
696 1838 719 1886 ct
732 1835 849 1888 executio·

40 1917 109 2028 nezi
122 1976 225 2042 primum
244 1989 297 2041 ergo
311 1977 449 2041 dicendum,
467 1977 527 2042 qnod
540 1977 655 2027 duculum
676 1976 761 2028 ordinis
778 1978 859 2028 soluit.

41 2049 164 2102 rincnlnun
176 2048 313 2100 matrimonii
326 2049 413 2100 ratione
428 2049 563 2100 redditionis
576 2047 659 2110 debiti,
676 2062 705 2100 ex
722 2062 766 2112 qua
781 2051 847 2113 parte

41 2121 113 2172 natet
124 2119 300 2185 repugnantiam
309 2120 338 2170 ed
345 2120 521 2183 matrimonium,
532 2123 633 2184 exparte
644 2119 694 2184 ejus
703 2119 743 2184 qui
752 2120 849 2184 suscipit

11 2223 12 2260 3
42 2192 160 2254 ordinem,
170 2190 224 2254 quia
240 2195 370 2256 nonpotesi
382 2194 460 2256 petere
477 2191 644 2252 debitum‚nec
657 2204 715 2241 uxor
725 2190 748 2240 ei
758 2194 849 2240 tenetur

42 2265 210 2316 reddereltou
225 2266 303 2314 tamen
321 2262 390 2314 solvit
403 2275 432 2313 ex
446 2267 510 2327 parte
519 2261 684 2326 alterins,qula
693 2262 744 2324 ipse
754 2263 849 2310 tenetur

42 2335 110 2387 uxori
128 2334 232 2386 delitum
247 2334 350 2397 reddere,
366 2333 386 2384 si
404 2347 450 2386 non
466 2333 539 2398 possit
555 2347 607 2384 earn
622 2333 731 2383 inducere
744 2330 773 2380 ed
787 2343 860 2381 con·-

75 2477 112 2528 llrl
124 2477 253 2528 secundum
266 2476 394 2539 dicendum,
409 2473 468 2540 qudd
481 2474 501 2526 si
511 2487 569 2526 uror
580 2475 645 2540 sciat,
659 2474 721 2526 etde
735 2475 786 2539 ejus
795 2487 851 2526 con-

46 2561 115 2600 sensu
130 2548 166 2598 uir
179 2548 283 2600 ordinem
293 2561 381 2599 sacrum
394 2547 533 2610 susceperit,
547 2551 638 2598 tenetur
650 2548 782 2611 perpetuam
795 2558 853 2596 con·

45 2620 169 2672 fluentiam
187 2633 280 2674 rorere.
296 2621 346 2671 Non
365 2623 443 2670 tamen
456 2623 548 2672 tenetur
565 2620 699 2683 religionem
715 2618 800 2668 intrare
805 2653 815 2681 ,
829 2616 852 2668 sl

45 2690 88 2742 uitri
102 2705 153 2743 non
173 2691 256 2743 timeat
268 2693 297 2743 de
310 2692 414 2756 periculo
425 2692 555 2753 eastitatis,
572 2693 665 2755 propter
683 2691 727 2740 hoc
740 2689 801 2752 qndd
817 2687 867 2738 vir*

46 2761 98 2824 eius
112 2762 215 2814 solemne
227 2765 306 2814 votum
315 2762 409 2826 emisit3
425 2775 490 2812 secus
508 2765 595 2824 numm,
608 2761 629 2810 si
646 2759 762 2810 emisisset
772 2762 852 2809 uotum

46 2835 157 2900 simplex.
168 2834 194 2884 Si
202 2839 278 2886 summ
288 2834 338 2884 sine
353 2834 405 2898 eius
414 2846 529 2886 consensu
541 2833 673 2896 susceperit,
689 2844 737 2884 non
750 2833 866 2890 tenetur,..

47 2905 101 2970 quia
114 2920 146 2959 ex
159 2907 205 2958 lroc
214 2907 302 2960 nulum
316 2905 359 2958 siti
373 2905 531 2970 prejudicium
544 2907 672 2968 gerentur.
