1976 3306
163 154 198 194 nn
212 155 353 196 recurrens
367 156 397 198 sa
412 157 557 196 ruusuuucnu
573 157 742 198 numerusnu-
803 157 847 206 utu

347 337 502 390 dRflCULUS
517 339 556 390 lll.

73 465 174 514 ῢιτιιιη
183 463 291 512 decemb·
304 467 369 511 recte
376 470 399 510 et
406 466 561 514 deliberatius
571 468 664 514 ustione
677 467 766 515 cutem
776 443 824 520 neu

430 539 484 574 8888.

75 658 115 708 bd
129 655 225 706 tertium
240 656 272 706 sie
282 657 418 720 proceditur,
434 656 526 709 uidetur
542 658 603 721 qubd
617 659 717 712 damuati
737 660 798 714 rent
809 673 847 714 rs-

40 729 112 784 tiuue
127 731 155 778 et
171 725 315 777 delbarauut
329 739 375 776 uun
395 726 483 790 passim
495 727 552 780 velle
565 740 611 782 nen
629 741 690 780 esse.
708 732 848 794 Augustinus

42 800 108 851 enim
122 797 186 849 dicit
202 798 226 846 iu
239 797 279 847 lib.
303 798 339 846 be
356 797 434 850 libero
456 797 591 856 Aduerso.
608 799 649 852 lib.
668 801 722 863 lll,
736 815 787 867 unp.
805 809 821 856 7
835 820 844 856 ,ι

42 888 59 919 ιι
71 869 204 922 Considera
214 871 322 931 perenm
335 869 419 919 benum
429 873 466 920 est
478 871 607 935 essequod
620 875 644 921 et
654 871 715 922 beati
729 877 754 923 et
768 872 846 926 miseri

41 941 129 992 uolunt
142 954 152 1003 3
165 939 240 989 ma'us
257 939 316 990 euim
334 944 429 990 estesse
443 944 467 990 et
479 952 528 990 esse
541 941 659 1002 miserum,
672 942 739 1006 quam
752 945 845 998 omnine

42 1025 91 1063 uun
105 1023 173 1062 esse.
182 953 239 1073 (iel
251 1009 324 1061 mauis
341 1023 392 1060 esse
408 1010 478 1061 miser
491 1011 557 1073 quim
574 1013 666 1062 omnino
681 1025 729 1064 nen
741 1018 844 1078 esset.»

73 1087 99 1132 2.
111 1084 231 1132 Praeterea
240 1115 248 1141 ,
258 1081 398 1144 Augustinus
414 1081 447 1130 sic
459 1081 543 1132 ibidem
553 1081 627 1144 arguit
638 1083 698 1146 (cap.
711 1083 753 1146 tl:
769 1086 845 1137 Praee.

41 1151 115 1204 lectis
132 1149 246 1216 supponit
264 1150 405 1201 electionem.
426 1150 473 1200 Sed
487 1163 535 1200 nen
553 1165 604 1202 esse
619 1164 664 1203 nnn
678 1157 713 1204 est
726 1153 843 1220 eligibile,

42 1221 96 1272 cium
114 1235 165 1272 nun
182 1220 264 1271 babeat
277 1221 430 1285 apparentiam
443 1221 515 1284 beni,
529 1220 580 1274 cium
593 1222 650 1272 nibil
664 1222 702 1274 sit
721 1224 780 1287 Erga
795 1239 843 1276 aneu

41 1306 95 1343 esse
106 1305 158 1343 usu
165 1293 299 1354 potestesse
310 1290 380 1354 napis
387 1290 508 1354 appetibile
523 1291 634 1342 damnatis
642 1291 708 1356 qnam
719 1308 779 1345 esre.

75 1367 101 1413 3.
116 1363 236 1414 preterea
243 1397 252 1424 ,
266 1361 340 1424 majus
353 1361 436 1412 malum
449 1361 523 1425 magis
539 1365 574 1414 est
584 1361 723 1424 fugiendum.
738 1363 781 1414 Sed
795 1380 841 1416 uon

42 1437 142 1485 esseest
155 1432 279 1482 maximum
287 1430 440 1494 malum‚cbm
450 1433 513 1482 tollat
523 1431 623 1486 totaliter
631 1432 731 1496 benum,
743 1447 771 1486 eu
780 1436 840 1498 qubd

42 1505 103 1555 nibil
122 1503 248 1565 relinquet.
263 1502 322 1563 lingo
338 1516 385 1552 uun
404 1505 504 1552 esseest
525 1502 598 1566 magis
614 1501 758 1566 fugiendam,
774 1504 841 1568 quim

44 1574 156 1624 miserum
170 1584 235 1634 esse;
250 1575 274 1621 et
292 1571 326 1622 siu
339 1571 397 1622 idem
415 1572 476 1634 quud
490 1571 561 1636 priris.

72 1645 122 1695 Sed
138 1646 219 1694 coutm
229 1645 279 1706 est,
294 1641 354 1704 qubd
366 1641 448 1693 dieitur
458 1642 570 1702 deccat..
585 1643 615 1694 lx
627 1658 659 1706 :u
670 1645 696 1696 ln
705 1645 784 1698 diebus
795 1646 840 1697 illis

44 1713 210 1765 desiderabunt
221 1712 323 1762 buminea
336 1711 405 1770 muri,
416 1717 439 1763 et
452 1713 525 1775 lugiet
537 1727 596 1764 murs
609 1715 637 1764 ab
651 1713 693 1766 eis.
707 1731 721 1762 u

72 1784 205 1845 Praeterea,
217 1783 372 1834 damnatorum
389 1783 479 1834 miseria
491 1796 580 1835 omnem
595 1784 663 1846 bujnn
677 1783 754 1836 mnudi
768 1785 840 1838 mise·

45 1855 105 1904 riam
123 1854 222 1906 excedit.
238 1852 282 1903 Sed
296 1853 323 1902 ad
335 1851 448 1902 vitandam
460 1853 573 1902 miseriam
590 1854 660 1917 buius
672 1855 750 1906 muudi
769 1869 839 1920 appe-

46 1926 111 1976 tibile
126 1930 162 1976 est
184 1923 296 1986 aliquibus
319 1922 392 1985 muri3
407 1923 467 1973 uncle
485 1923 567 1974 dieitur
585 1925 688 1982 Eccles„
702 1927 750 1976 xli
767 1943 773 1976 :
791 1944 805 1975 u
820 1929 839 1977 0

45 2008 125 2060 mers,
138 1997 224 2047 bonum
237 1998 273 2044 est
284 1993 391 2057 judicium
409 1997 473 2043 tuum
483 1993 570 2044 bomini
580 1993 690 2054 indigenti
702 1998 725 2046 et
740 1996 779 2059 quui
793 1997 837 2046 mi·
854 2027 857 2063 3

44 2071 140 2117 noratur
155 2064 257 2127 uiribus,
271 2065 358 2115 delecto
372 2067 455 2124 utute,
471 2067 494 2114 et
507 2063 545 2114 cui
559 2064 587 2114 de
600 2064 703 2114 omnibus
722 2079 776 2116 eura
789 2073 836 2130 est,

46 2139 69 2185 et
79 2134 207 2188 incredibili
216 2135 225 2198 t
233 2135 281 2186 sive
297 2133 413 2186 incredulo
426 2133 463 2184 rel
473 2133 598 2196 diffidenti)
610 2133 650 2197 qui
660 2135 734 2198 perdit
747 2137 838 2200 snpien-

45 2205 135 2256 tiam.»
150 2205 209 2268 Ergo
223 2203 291 2254 multd
304 2203 385 2253 tertiis
398 2207 433 2252 est
447 2203 560 2254 damnetis
574 2203 695 2267 appetibile
708 2219 756 2256 non
774 2219 835 2268 esse,

45 2277 171 2326 mcundum
187 2275 298 2324 rationem
318 2272 493 2322 deliberativam.

79 2347 267 2410 (commuue-
279 2345 329 2394 lien
342 2343 426 2394 vellent
436 2343 535 2392 damnati
549 2357 595 2394 neu
607 2357 674 2408 esse,
688 2345 714 2397 iu
726 2350 835 2410 qnantum

45 2430 95 2468 nou
106 2433 159 2468 esne
169 2417 321 2469 consideratur
330 2415 454 2464 secuudum
472 2426 511 2474 se,
523 2413 573 2476 quia
588 2411 644 2466 illud
662 2428 709 2466 nun
719 2421 755 2468 est
766 2431 836 2482 apps-

46 2487 124 2552 tibile3
135 2489 161 2538 in
172 2492 280 2551 prauum
292 2485 347 2538 verb
359 2484 515 2538 consideratur
525 2488 550 2536 ut
561 2488 597 2536 est
607 2486 728 2540 ablativum
738 2490 835 2550 poeualia

47 2555 99 2608 vire
111 2557 254 2621 autalicrjus
266 2555 381 2617 miserie,
396 2568 445 2608 amn
456 2568 508 2604 erre
520 2558 595 2618 prust
605 2556 752 2610 desiderarit
765 2560 835 2612 dam·

45 2628 138 2692 natis..)

75 2698 209 2762 Respondee
223 2698 354 2757 dicendum,
367 2696 429 2761 qubd
442 2710 490 2745 uon
500 2709 550 2746 esse
561 2699 636 2762 petest
649 2696 769 2761 dupliciter
780 2711 834 2752 cen-

47 2767 157 2819 siderari:
170 2781 217 2820 uns
236 2769 317 2828 mods,
331 2768 455 2820 secundum
468 2779 506 2827 ee;
520 2772 545 2818 et
560 2766 594 2818 sie
608 2766 669 2818 nullu
683 2771 749 2821 mede
759 2774 833 2835 petest

47 2850 99 2889 esse
117 2836 314 2904 appetibile,curu
329 2850 374 2892 usu
390 2837 471 2892 beben
483 2837 581 2902 aliquam
591 2837 702 2892 rationem
712 2839 782 2903 boui,
792 2841 832 2896 sed
