1948 3312
223 64 254 102 DE
269 64 399 108 ovatum
415 68 489 108 tunm
507 69 564 107 POST
578 67 698 109 adulatori·
813 73 858 124 889

84 138 128 190 Ad
145 145 253 204 qamtum
264 140 398 205 dicendam,
410 142 470 206 qodd
482 143 573 196 tristitia
586 156 632 196 non
645 143 746 196 nominat
756 144 854 211 diapoei

48 209 148 260 tionem
159 210 217 271 ‚aed
228 211 301 275 magia
311 213 446 276 passionem.
456 215 534 266 omnia
544 219 619 267 autem
632 215 706 280 passio
718 215 732 268 t
745 219 855 268 contraria

53 291 134 330 cauea
144 280 234 332 fortiori
243 283 417 346 superueniente
430 284 524 347 tollitur,
536 291 560 337 et
569 298 616 336 non
626 298 676 336 eam
686 285 753 338 tollit.
764 287 794 344 lit
804 286 855 338 ideo

50 349 156 400 tristitia
164 351 318 404 damnatorum
326 353 447 418 tolleretur,
455 355 476 405 si
484 357 552 408 ileum
563 369 603 420 per
612 356 734 408 essentiam
743 357 855 408 viderant.

88 420 127 471 Ad
144 419 251 484 quintum
272 421 407 487 dicendum,
426 425 486 490 qudo
504 439 546 490 per
562 426 757 490 indispositronem
776 427 856 490 organi

52 489 150 541 tollitur
160 490 277 556 proportio
285 493 394 544 naturalia
403 493 476 558 ipsine
489 496 567 560 organi
576 497 603 548 ad
615 497 730 560 objectum
741 496 802 560 qnod
814 508 855 548 na-

53 563 163 638 tumeat
179 560 305 626 delendam
322 567 346 614 et
360 568 452 629 proptor
468 567 512 617 lano
529 565 648 618 delectatio
663 565 793 630 impeditur.
808 566 855 618 Sed

54 629 210 694 indispositio
224 645 274 696 qnae
287 638 322 684 est
334 634 488 698 indamnatis,
503 648 549 688 non
558 637 616 688 tollit
627 637 751 688 naturalem
763 649 856 702 propor-

57 704 151 750 tionem
167 713 213 766 qua
225 708 279 755 sant
293 705 390 756 ordinati
403 707 431 758 ad
447 705 548 758 diuinam
562 707 700 770 tentatam,
716 706 767 766 edm
780 707 856 771 imago

56 781 154 834 semper
169 771 194 821 ia
204 773 238 824 eie
252 778 348 826 manem.
364 774 393 826 lit
402 777 454 828 ideo
466 781 554 828 nonest
566 775 651 841 simile.

407 982 518 1002 m

155 1225 166 1232 μ
189 1176 194 1185 -
231 1135 395 1205 aunario
412 1137 478 1204 ror
497 1138 569 1208 vau
587 1137 693 1205 narrt.

61 1275 102 1324 Da
114 1275 231 1334 annulata
242 1276 332 1323 maadi
345 1281 400 1334 port
414 1277 557 1392 {addetam
569 1279 599 1324 to
611 1277 720 1338 pompae
738 1279 856 1328 artantur

434 1359 507 1394 rouo.

94 1494 460 1560 mumquenmrmnaiderandnnn
477 1499 514 1547 eat
530 1496 558 1547 do
573 1495 680 1560 qualitate
694 1494 773 1547 maadi
785 1498 810 1546 et
819 1509 857 1550 re·

61 1567 205 1630 surgentium
216 1568 269 1630 poet
280 1564 401 1629 jndlrium.
416 1563 459 1615 Uiri
471 1563 554 1629 triplex
575 1563 725 1622 consideratio
738 1565 834 1617 occurrit
848 1583 854 1617 ε

62 1637 153 1701 prima,
166 1637 195 1687 de
205 1638 264 1687 statu
277 1647 301 1687 rr
311 1633 417 1698 qualitate
430 1634 520 1698 mundi;
536 1635 649 1696 munda,
663 1635 692 1685 de
702 1637 763 1684 atala
775 1635 854 1688 beato·

63 1719 130 1770 rann
146 1707 224 1769 tertia,
238 1707 266 1756 de
283 1708 343 1757 elatu
356 1703 474 1755 malorum.

95 1777 159 1828 Circa
167 1777 263 1841 primum
269 1779 400 1839 queruntur
408 1773 506 1840 quinque
516 1777 558 1824 :1⁰
565 1773 644 1825 Utrdm
653 1773 770 1827 innovatio
777 1776 857 1825 mundi

63 1848 96 1900 sit
120 1848 203 1897 lutura.
222 1850 249 1896 2⁰
267 1843 345 1896 [lirim
367 1847 581 1908 motos‘eorporum
601 1843 726 1896 coelestiam
748 1845 855 1896 oeamtit.

65 1925 94 1968 ee
112 1917 191 1968 lltrdm
207 1927 300 1980 oorpora
315 1914 413 1966 ooeleatia
432 1918 487 1964 tane
504 1914 576 1978 magna
589 1914 716 1978 fulgebunt.
735 1919 761 1966 t⁰
776 1915 855 1967 Utrdm

63 1989 178 2042 elementa
190 1999 298 2050 majorem
313 1985 436 2037 claritatem
450 1983 568 2050 reeipient.
582 1990 608 2036 5⁰
623 1985 701 2038 Utrdm
715 1983 819 2035 animalia
832 1987 857 2036 et
873 2021 875 2026 ι

66 2061 151 2128 planto
167 2058 323 2110 remanebant.

364 2164 521 2222 ARTICULUS
534 2165 554 2216 1.

282 2289 367 2334 Utrdrn
375 2288 478 2334 mundns
486 2285 649 2334 renouabitur.

103 2415 136 2466 id
150 2414 245 2480 primum
257 2412 290 2464 aie
306 2410 442 2478 proceditur.
450 2411 543 2461 Videtur
554 2409 615 2474 qudd
630 2407 728 2460 mundae
742 2419 857 2472 nunqnam

69 2483 221 2539 innovabitur.
237 2482 299 2534 Nihil
311 2482 371 2534 enim
386 2485 420 2532 eat
433 2481 541 2541 laturum,
556 2479 601 2530 nisi
610 2479 670 2542 qrrod
683 2477 803 2541 aliquando
814 2477 859 2530 iat

71 2553 194 2609 aeaundd'm
212 2553 325 2618 speeiem,
338 2551 447 2609 Ecoli.‚l
464 2567 472 2600 z
489 2566 503 2598 n
513 2549 571 2609 Quid
585 2551 621 2600 eal
636 2549 695 2612 qnod
709 2547 769 2599 luitl
783 2548 858 2615 ipanm

72 2624 132 2693 quod
142 2625 240 2676 intonant
252 2627 295 2674 esti
307 2640 321 2674 n
332 2623 480 2674 sermondus
490 2632 603 2684 nunquam
612 2619 678 2670 aliam
687 2618 857 2684 dispositionem

72 2693 223 2760 habuitquam
238 2705 299 2744 nuno
312 2693 381 2744 habet
389 2694 499 2756 quantum
509 2691 537 2740 ad
549 2694 625 2750 partes
638 2689 782 2754 remoratos,
795 2693 818 2747 et
830 2691 858 2741 ad

69 2779 168 2836 ¹genera,
181 2767 204 2816 et
217 2764 245 2814 ad
254 2764 353 2830 aperies.
366 2763 425 2828 lingo
439 2771 553 2831 nunqnam
566 2759 719 2814 innovabitur.
