1936 3306
119 130 164 179 ste
254 141 454 205 suentensem,
467 140 559 188 onesi.
576 141 664 192 nuru,
680 141 736 180 nur.
753 142 778 182 v.
957 205 958 208 Ἰ

119 215 207 268 «testis
221 220 257 268 est
270 219 352 270 Oriens
363 219 438 270 omnis
451 219 475 269 et
485 216 605 268 Occidens.
616 232 630 282 n
642 217 686 268 Sed
696 221 785 270 cenent
795 219 924 286 'trajanum
957 219 958 282 ξ

118 290 143 339 in
158 289 248 340 interne
257 289 343 350 tuisse,
358 289 413 354 qnia
427 305 442 338 n
458 291 580 340 multorum
591 292 715 354 martyrum
729 303 809 342 necem
820 305 924 343 amaram
957 327 958 334 ι

117 360 231 424 instituit,
242 379 256 408 n
275 367 300 411 ut
313 362 398 412 ibidem
411 363 564 414 bamaseenus
575 359 640 412 dicit.
651 361 710 426 Erga
723 362 831 428 suffragia
843 365 925 416 valent
957 425 958 436 χ

118 434 189 483 etiam
202 433 225 482 in
239 432 328 484 interne
347 433 508 484 existentibus.

150 504 194 555 Sed
209 507 288 555 euutra
307 507 357 568 est,
369 505 430 569 quod
443 505 499 556 dicit
514 503 635 570 Dionysius
644 503 697 555 vtt.
706 517 757 570 cap.
771 505 924 558 Ecclesiam.

119 575 249 626 [iteraret.
274 591 310 626 s«
322 577 428 628 Summm
448 578 552 628 saeerdos
575 589 614 642 pre
636 577 762 630 immundis
780 591 828 630 nen
851 585 923 643 eret,

119 644 172 710 quia
189 645 214 694 in
227 647 271 697 tuen
286 650 424 700 auerteretur
442 647 548 700 ddininu
561 649 658 711 ordinea
679 665 693 696 n
708 652 732 700 et
745 645 925 713 <subsequenter

119 716 203 768 ibidem
217 718 271 770 dieit
283 719 345 783 qudd
361 713 374 770 ἐι
391 733 433 784 pre
447 720 605 784 peecatoribus
619 734 665 772 nen
683 724 732 773 erat
744 721 923 784 remissionem,
957 773 958 780 χ

118 789 172 852 quia
185 802 230 840 non
245 791 359 854 audiretur
371 805 413 858 pre
431 793 486 844 iilis.
503 809 517 842 ιι
535 793 595 858 Ergo
607 791 715 858 suffragia
727 792 884 847 existentibus
897 795 924 845 in

119 859 208 912 interno
224 874 270 913 nen
284 842 370 915 vatent

150 933 280 997 Praeterea,
295 937 416 1002 Gregorius
430 937 504 990 dicit'
498 951 522 988 ιιι
538 937 829 989 nundinantem:
845 955 862 986 u
877 940 922 990 Ee·

119 1003 171 1054 dem
187 1017 255 1058 cause
269 1011 305 1058 est
317 1022 356 1059 eur
369 1022 416 1061 nnn
427 1013 505 1062 eretur
518 1014 573 1060 tune
590 1008 652 1074 (seit
654 1011 701 1059 teet
714 1012 772 1074 pest
788 1009 886 1060 di'em
872 1026 922 1074 yu-

119 1073 196 1140 ducit)
207 1091 248 1142 pru
260 1080 391 1134 bominibus
404 1082 511 1133 aeterne
504 1093 558 1146 agne
572 1081 689 1132 damnatis
695 1093 765 1144 ‚qne
779 1094 840 1133 aune
851 1094 923 1132 eausa

120 1149 154 1196 est
167 1161 235 1212 quere
249 1163 294 1200 non
307 1157 384 1204 eretur
398 1166 440 1218 pre
454 1152 542 1205 diabole
557 1156 581 1204 et
594 1151 715 1216 angelis
694 1165 745 1216 epus
762 1155 848 1202 eterne
863 1165 921 1216 sup-

119 1217 188 1282 plicio
199 1222 328 1288 deputatis;
346 1238 397 1288 que
412 1225 554 1276 etiamnunc
569 1236 637 1274 nausa
650 1227 685 1275 est
698 1235 767 1286 quare
780 1224 857 1274 sancti
874 1237 922 1274 nou

119 1294 186 1350 erent
196 1307 237 1360 pre
251 1295 381 1346 hominibus
397 1295 549 1348 infidelibus
543 1295 666 1360 impiisque
677 1293 809 1354 defunctis3
824 1294 879 1358 qnia
892 1295 922 1344 de

120 1362 156 1414 eis
169 1365 247 1428 utique
261 1381 318 1430 ques
327 1372 411 1418 eterno
423 1367 542 1424 damnatos
551 1364 683 1432 supplicio
675 1367 922 1430 laurenrentium

118 1434 183 1486 illum
194 1437 278 1500 judicis
290 1440 349 1503 justi
363 1441 510 1504 conspectum
524 1438 633 1490 orationis
650 1452 697 1490 sue
715 1438 821 1490 meritum
833 1437 921 1490 cassari

118 1507 242 1571 refugiunt
257 1526 271 1558 ιι
288 1513 347 1593 idrgn
365 1511 471 1574 suffragia
484 1511 507 1560 in
523 1510 615 1562 interno
627 1509 709 1574 positis
722 1522 770 1560 nen
785 1509 874 1560 natent.

152 1581 280 1645 Pretereu,
290 1583 458 1644 inlitteratlv.
469 1583 549 1640 Seni„
563 1583 618 1634 dist.
633 1582 682 1645 ta),
692 1581 787 1633 habetur
802 1594 832 1632 ex
842 1583 922 1634 verbis

121 1639 240 1714 Augustini
255 1653 358 1718 (serm.
370 1655 462 1706 xxxta.
478 1656 514 1706 De
523 1653 607 1706 nerdts
615 1653 730 1718 Aponio
721 1652 773 1717 ta)
784 1653 889 1714 «Qui
871 1668 921 1706 stne

119 1720 163 1774 fide
173 1728 282 1787 operante
295 1739 336 1790 per
347 1725 499 1791 dilectionem,
510 1727 607 1792 ejusque
621 1723 777 1786 sacramentis,
787 1723 921 1790 decerpere

120 1799 205 1845 exeunt
215 1796 322 1860 ,frustra
335 1797 381 1848 iltis
395 1797 408 1848 d
426 1798 474 1849 suis
484 1797 616 1861 hujusmodi
629 1795 704 1849 ustitia
716 1795 891 1860 impenduntur.
905 1814 919 1846 ι

121 1863 167 1915 Sed
186 1878 266 1920 omnes
283 1868 383 1920 darnnati
400 1873 455 1921 sunt
468 1868 608 1933 hujusmodi
624 1869 683 1962 tinge
698 1867 732 1920 eis
751 1869 862 1934 sutirngia
875 1883 920 1922 nur
957 1875 958 1888 ³

119 1942 224 2000 prosunt.

155 2009 313 2073 (Concessio.
323 1983 421 2065 -ῦῑιιιι
432 2013 533 2065 damnati
540 2011 653 2080 ,recepta
665 2025 706 2078 pre
720 2012 807 2064 meritis
822 2013 920 2064 retribu-

87 2128 93 2140 ,
120 2080 193 2146 tiene,
212 2084 239 2135 ad
254 2083 358 2135 ultimum
377 2084 432 2138 rite
448 2085 570 2136 terminum
591 2084 753 2152 pervenerint,
766 2089 790 2136 et
809 2085 920 2136 charitate

121 2155 287 2221 destituantur,
304 2157 429 2210 seeunddm
448 2171 515 2222 quarn
543 2170 612 2222 opera
633 2156 736 2207 uisurum
759 2155 920 2209 continuantur

121 2229 247 2294 defunctis,
263 2230 407 2296 perspicuum
419 2234 454 2282 est
468 2229 576 2294 suffragia
587 2229 632 2280 iilis
644 2226 738 2278 minine
751 2228 889 2294 prodesse.)

153 2303 292 2367 Respondet
306 2303 442 2368 dicendum,
454 2303 515 2368 qubd
523 2303 582 2353 eirea
592 2303 712 2353 damnatos
722 2299 768 2351 tuit
778 2296 920 2368 triplexiopi·

122 2373 171 2424 nin.
185 2373 280 2434 Quidam
299 2375 361 2426 enim
376 2373 482 2426 dixerunt
496 2374 521 2424 iu
539 2375 583 2424 boe
605 2371 789 2435 distinguendum
808 2385 863 2424 esse
875 2375 920 2424 du-

122 2445 220 2508 pliciter.
240 2447 289 2497 Unu
302 2446 369 2497 mode
385 2449 495 2511 quantum
509 2446 537 2496 ed
555 2450 663 2508 tempus,
675 2443 776 2494 dieentes
792 2443 854 2506 qudd
868 2447 920 2509 pest

123 2516 184 2567 diem
195 2517 276 2580 judieii
287 2517 362 2568 nuilus
375 2517 400 2568 in
416 2518 506 2568 interne
522 2516 625 2568 existens
639 2515 715 2579 atiquo
730 2515 839 2578 sntiragie
853 2517 920 2580 juva-

124 2589 248 2649 bitur‚sed
258 2592 311 2640 ente
320 2589 379 2640 diem
387 2588 469 2654 judieii
481 2588 553 2651 aliqui
559 2589 669 2653 juvantur
677 2585 791 2654 suffragiis
801 2587 917 2640 Ecclesiae.
957 2637 958 2658 p

63 2679 65 2684 ·
124 2659 174 2708 tilio
192 2660 258 2710 mede
279 2660 448 2726 distinguebant
465 2661 575 2724 quantum
597 2659 624 2708 ad
649 2669 760 2722 persenis
782 2657 807 2708 in
828 2657 918 2710 intento

124 2729 243 2792 detentas,
256 2730 316 2782 inter
326 2745 398 2795 quas,
408 2731 496 2794 aliquos
509 2729 613 2780 dicebant
630 2743 681 2780 esse
694 2727 760 2779 ualde
777 2728 865 2792 males,
879 2729 919 2794 qui

105 2808 107 2812 ’
124 2799 212 2850 seitieet
227 2801 277 2854 sine
290 2801 333 2854 tide
348 2807 371 2854 et
384 2801 531 2854 sacramentis
543 2802 705 2864 decesserunt3
719 2804 742 2852 et
756 2799 854 2866 tatibus,
865 2803 917 2868 quiin

125 2871 153 2924 de
167 2871 268 2926 Endesia
278 2885 325 2925 ner
335 2869 429 2926 inerunt
438 2886 481 2925 nee
494 2871 575 2926 merita
587 2885 631 2924 nee
641 2884 746 2938 numere,
755 2872 864 2938 suffragia
873 2875 915 2927 tie-
