1924 3322
127 168 175 218 ιιι
257 160 454 230 surrmnsnrt'tn,
474 179 569 223 obesa,
587 180 688 230 curru,
705 179 761 216 rar.
779 181 796 215 r.

127 254 187 308 sicut
198 255 259 307 calor
270 256 295 305 in
305 255 358 320 igne
367 255 527 318 calefaciente3
539 257 674 320 quandoque
686 258 761 304 autem
775 254 837 304 illius
852 253 921 304 actio·
949 275 950 322 p

128 329 165 378 nis
178 341 222 392 qua
235 329 365 392 producitur
379 328 479 390 effectus,
498 341 543 378 non
558 331 594 377 cst
608 325 744 390 principium
761 325 835 389 primo
850 331 875 376 et
887 340 924 390 per
949 323 950 344 l

128 412 153 450 se
177 401 228 464 ipsa
249 400 322 449 lorma
343 398 466 450 seeundbm
489 411 557 462 quarn
582 398 705 448 attenditur
730 397 872 456 similitudo,
887 397 925 448 sel

126 471 239 536 principia
252 471 313 520 illius
324 471 421 522 forma:
437 470 496 520 sicut
507 471 527 520 si
538 472 606 519 lronto
624 471 690 520 albus
704 479 799 532 generet
812 470 926 519 bominem

127 542 219 602 album,
234 541 283 606 ipsa
299 542 378 592 albedo
395 542 525 604 generantis
537 555 582 591 rron
593 547 632 591 εει
644 540 784 605 principium
799 540 882 590 active
891 553 927 600 ge-

61 646 64 651 -
129 611 265 676 nerationis3
282 617 304 662 et
320 618 395 661 tamen
407 613 488 663 albedo
502 612 632 676 generantis
646 611 728 662 dicitur
737 623 805 660 causa
816 611 926 680 albedinis

129 684 244 746 generati,
260 682 311 748 quia
324 682 435 748 principia
447 684 558 734 albedinis
569 684 596 732 in
606 690 729 747 generante
743 689 797 732 sunt
818 681 927 747 principia

129 754 259 818 generativa
274 754 380 804 facientia
394 755 521 806 albedinem
533 755 557 804 in
572 757 689 818 generato.
700 755 729 804 nt
743 767 784 816 per
800 756 864 804 hunc
880 767 928 804 rnu-

130 826 183 876 dnm
196 825 327 876 resurrectio
341 825 435 886 Christi,
451 841 502 890 qua
519 829 555 876 est
565 839 631 878 cause
647 824 750 876 elhcicns
767 825 870 876 univoca
883 838 930 874 nos·

129 903 171 946 tre
180 895 361 959 resurrectionis,
372 897 399 946 ad
409 902 511 947 nostram
521 895 709 948 resurrectionem
721 897 778 959 agit,
786 897 878 946 scilicet
889 895 928 944 uir-

131 970 178 1017 tute
194 966 319 1018 diuinitatis
337 968 410 1032 ipsius
427 969 530 1031 Christi,
545 981 596 1032 que
613 968 657 1032 ipsi
674 972 698 1018 et
717 969 779 1018 Patri
801 967 929 1018 communis
950 967 952 1036 l

130 1042 175 1088 est.
188 1037 251 1088 Unde
263 1037 346 1088 dicitnr
365 1041 445 1095 Rom„
460 1039 528 1092 Vlll:
544 1057 557 1087 u
574 1039 617 1098 Qui
627 1038 746 1090 suscitavit
759 1040 837 1088 lesum
855 1039 930 1090 Chris·

131 1112 181 1158 tum
196 1107 330 1174 amortuis,
351 1109 475 1162 vivificabit
491 1117 514 1162 et
530 1109 633 1161 mortalia
650 1123 744 1174 corpora
761 1115 848 1160 uestra.
861 1128 876 1158 u
889 1109 930 1158 Sed

130 1175 180 1244 ipsb
196 1183 331 1234 resurrectio
343 1182 429 1232 Christi
444 1183 527 1233 virtute
540 1182 664 1232 divinitatis
677 1181 801 1245 adjunctus,
814 1186 853 1231 est
867 1193 930 1231 causa

130 1251 197 1314 quasi
209 1251 389 1304 instrumentalis
405 1253 577 1304 resurrectionis
597 1258 697 1316 nostroe3
713 1253 861 1317 operationes
876 1253 931 1303 enim

130 1321 214 1373 divine
224 1325 349 1386 agebantur
357 1324 470 1376 mediante
480 1338 547 1375 carne
561 1324 647 1374 Christi
657 1323 722 1387 quasi
731 1325 827 1390 quodam
836 1335 931 1389 organo,

131 1393 190 1444 sicut
202 1395 267 1458 ponit
282 1397 412 1460 exemplum
421 1394 605 1448 Darnascenusin
618 1395 649 1445 lll
662 1395 702 1446 lib.
716 1398 751 1446 De
764 1395 818 1458 fide
826 1395 930 1444 orthod.

133 1468 201 1530 (cap.
224 1470 254 1516 tt
269 1467 293 1530 ),
309 1469 336 1520 de
361 1473 423 1518 tactu
445 1468 556 1534 corporali
580 1481 625 1532 qno
653 1468 772 1518 mundarit
800 1469 931 1533 leprosum,

132 1538 237 1598 Mutila,
255 1539 312 1590 vill.

164 1611 197 1660 hd
215 1608 313 1676 primurn
334 1624 388 1676 ergo
408 1611 544 1670 dicendum,
560 1609 619 1673 guod
634 1623 703 1662 causa
722 1609 841 1662 sulhciens
861 1611 931 1664 statim
953 1609 954 1638 ³

131 1681 237 1746 producit
251 1681 356 1732 ellectum
375 1696 455 1742 suum,
471 1683 499 1731 ed
513 1695 580 1744 quern
594 1682 728 1734 immediate
742 1682 876 1746 ordinatum
892 1695 932 1732 non

133 1757 208 1802 autern
224 1753 329 1804 edentum
347 1754 374 1804 ad
392 1767 460 1818 quem
478 1753 595 1804 ordinatur
609 1747 721 1804 mediante
738 1753 798 1817 elio,
811 1759 931 1816 qnantum-

133 1837 230 1887 eumque
243 1826 274 1875 sit
288 1826 403 1876 sufficiens
414 1841 420 1875 ι
434 1826 493 1876 sicut
504 1825 574 1888 calor,
593 1829 802 1888 quantumcumque
814 1828 848 1878 sit
860 1827 932 1876 inten-
954 1889 955 1892 Ἴ

128 1909 191 1963 ¹sus.
207 1909 253 1946 non
270 1899 346 1947 statinr
363 1897 387 1948 in
401 1897 475 1960 primo
486 1897 581 1948 instanti
593 1901 673 1947 causat
686 1895 792 1956 calorem,
803 1900 845 1950 sed
858 1899 932 1950 statim
954 1901 955 1914 ¹

133 1967 217 2030 incipit
231 1981 323 2018 morere
334 1969 363 2018 ad
380 1969 494 2032 calorem,
509 1969 562 2032 quia
576 1970 638 2020 calor
656 1973 691 2020 est
704 1967 801 2020 enectus
818 1971 872 2034 ejus
887 1983 931 2019 mc-

134 2037 211 2090 diante
231 2043 304 2089 motu.
319 2039 463 2089 Resurrectio
484 2045 560 2091 autem
574 2041 659 2092 Christi
672 2039 754 2090 dicitur
769 2054 840 2092 causa
853 2047 933 2092 nostre

134 2109 322 2172 resurrectionis,
334 2122 380 2159 nou
394 2111 447 2172 quia
463 2109 513 2174 ipsa
523 2118 582 2176 agat
600 2111 730 2164 immediate
744 2115 932 2164 resurrectionem

133 2187 248 2244 nostram,
260 2181 300 2231 sed
314 2181 429 2231 mediante
442 2182 555 2246 principio
570 2195 612 2234 suo
623 2221 629 2244 ,
641 2183 727 2233 scilicet
747 2181 825 2234 diuind
841 2183 933 2242 uirtute,

133 2268 184 2318 quae
196 2257 298 2306 nostram
312 2254 499 2304 resurrectionem
513 2254 583 2314 lacict
597 2255 625 2304 ad
634 2253 805 2307 similitudinem
821 2269 935 2306 resurrec-

132 2324 204 2376 tionis
215 2324 311 2375 Christi.
327 2323 402 2374 Virtus
420 2329 496 2376 tutem
512 2325 588 2376 diviua
606 2329 712 2390 operatur
726 2324 840 2378 mediante
854 2327 932 2378 uoluu-

36 2397 46 2418 ⁰
134 2402 190 2460 tato,
205 2411 255 2461 que
268 2400 304 2446 est
317 2396 509 2460 propinquissima
524 2398 625 2448 ellectui.
639 2399 703 2449 Unde
717 2411 763 2447 non
772 2403 864 2461 oportet
874 2397 931 2461 quod

132 2471 208 2522 statim
222 2469 387 2520 resurrectione
396 2469 480 2520 Christi
490 2470 559 2531 lactd,
571 2475 649 2520 nostra
659 2470 832 2521 resurrectiosit
845 2477 929 2530 secuta

131 2543 170 2592 sed
185 2544 239 2590 tunc
253 2545 361 2604 sequetur
373 2542 463 2605 spuendo
473 2543 579 2592 voluntas
593 2541 633 2592 bei
647 2540 769 2592 ordinauit.

164 2613 197 2662 hd
211 2613 335 2664 seeundum
350 2612 483 2675 dicendum,
503 2613 562 2676 qubd
581 2613 653 2662 virtus
672 2611 749 2663 divina
765 2625 811 2663 non
828 2611 932 2674 alligatur

131 2683 245 2746 aliquibus
256 2684 330 2734 causis
345 2685 469 2748 secundis,
484 2684 540 2748 quin
554 2683 650 2734 ellectns
660 2683 749 2734 illarum
759 2687 840 2748 posset
853 2683 930 2734 imme-

131 2754 191 2804 diate
203 2755 240 2806 vel
253 2755 304 2806 aliis
314 2758 389 2808 causis
404 2755 556 2806 mediantibus
569 2755 710 2820 producere:
725 2754 786 2804 sicut
798 2758 877 2819 posset
890 2766 927 2815 ge·

130 2826 268 2880 perationem
285 2841 404 2894 corporum
423 2827 556 2878 interiorum
578 2837 687 2890 causare,
707 2825 776 2876 etiarn
795 2831 857 2878 motu
882 2823 931 2874 coli

131 2911 177 2951 non
192 2898 320 2964 existente3
336 2903 449 2952 ettamen
465 2896 593 2952 secuudum
606 2898 709 2952 ordinent
725 2911 795 2962 quom
817 2898 843 2950 in
861 2895 928 2948 rebus
