1966 3304
103 53 150 103 228
242 58 444 110 snrrmmounn,
459 57 555 106 onnsr.
570 55 637 107 cxcv,
653 56 709 96 nna.
727 56 760 96 vr.
789 69 792 84 ι

135 137 296 205 (Concunsro.
310 163 342 174 -
355 135 413 186 Cim
429 135 539 200 conjuges
558 133 601 185 sibi
622 134 721 186 invicem
737 136 867 186 teneantur
888 137 915 188 in

102 211 228 264 reddnone
240 208 328 268 debiti,
340 221 386 259 non
400 209 477 271 potest
488 204 524 256 uir
539 208 649 258 autuxor
662 206 746 270 absquo
757 209 842 260 mutuo
852 221 914 262 con·
977 271 978 274 Ἴ

44 301 47 308 ’
103 295 173 334 sensu
186 277 350 335 continentiam
362 277 476 340 nouere.)

134 352 269 418 Respondeo
280 349 413 412 dicendum,
424 347 485 412 qnod
497 362 580 402 uouere
595 349 717 401 voluntatis
727 353 777 412 est,
793 352 820 403 ut
833 351 914 404 etiam
977 371 978 378 ¹

102 428 178 492 ipsnrn
191 435 274 476 nomen
288 420 390 473 ostendit
397 419 443 485 (1),
459 420 523 472 Unde
538 422 567 473 de
581 421 627 478 iliis
642 420 731 472 tantirm
742 421 811 472 bonis
827 427 915 488 potest
977 435 978 468 1

102 513 152 552 esse
165 500 244 549 votnm
258 507 310 559 qum
329 496 414 545 nostrae
426 493 545 556 subjacent
557 492 686 555 voluntati,
701 492 777 556 qualia
790 507 840 546 non
854 499 915 546 sunt
977 487 978 556 i

102 585 129 624 ea
142 567 260 634 inquibus
268 579 329 618 nnus
342 564 409 624 alteri
419 568 524 629 tenetur3
535 568 559 616 et
567 565 619 618 ideo
632 565 657 616 in
671 564 814 616 taihusnou
830 570 914 628 potest

101 642 185 707 aliquis
198 643 277 693 votum
289 637 393 690 emittere
409 636 459 689 sine
469 649 583 688 consensu
595 638 647 702 ejus
662 636 812 698 eniteretur.
828 637 909 702 Unde,
977 659 978 670 ³

102 713 154 766 ciam
171 709 280 775 conjuges
294 709 339 762 sibi
351 707 450 760 inuicem
466 711 586 761 tencantur
597 707 622 760 in
634 706 759 760 redditione
777 707 867 771 debiti,
884 713 912 762 ut

103 784 188 838 dictum
200 785 251 845 ent,
263 795 304 846 por
315 785 384 846 quam
397 779 537 834 continentia
549 780 687 845 impeditur,
701 793 747 834 non
755 783 832 845 potest
846 796 911 833 nnus

103 858 188 922 eosque
206 867 320 908 consensu
334 853 427 904 alterius
440 853 605 906 continentiam
617 865 715 914 vovera,
731 857 754 904 et
768 853 790 904 ni
804 855 908 917 reverit,

102 931 184 994 peccat
196 930 219 980 et
229 939 277 978 non
290 925 357 978 debet
367 937 459 976 semare
469 926 563 988 uotum,
575 925 615 976 sed
626 935 693 988 agero
706 923 867 989 penitentiam
879 927 910 979 de

102 1001 157 1050 voto
167 997 306 1050 maldiacto.
466 1027 470 1035 „
614 1048 619 1057 ,
943 995 961 1006 “

136 1071 170 1122 od
184 1069 283 1134 primum
298 1080 352 1132 ergo
366 1067 507 1132 dicendum,
519 1068 579 1133 prod
595 1066 782 1132 ratisproiaone
795 1069 833 1120 est
846 1069 913 1134 quon
977 1097 978 1112 κ

103 1141 255 1196 uxordobeat
266 1141 329 1192 velie
345 1139 462 1194 continere
474 1141 503 1192 ad
515 1145 620 1203 ternpus,
634 1151 675 1204 pro
693 1138 849 1192 conveniendo
866 1154 912 1194 ne-
977 1163 978 1168 ¹

104 1213 205 1266 densitati
218 1211 326 1263 Ecclesia
346 1211 580 1277 generandum
598 1213 625 1260 in·
639 1211 742 1262 savorem
762 1212 909 1274 negotiorum
977 1219 978 1250 ³

55 1281 56 1284 ’
103 1299 145 1351 pro
159 1285 244 1350 quinus.
255 1297 313 1334 ornr
322 1283 369 1348 ipsi
379 1284 454 1344 datur,
462 1283 592 1335 institutum
602 1286 639 1334 ost
651 1281 712 1347 quod
725 1282 759 1333 uir
770 1283 847 1348 possit
855 1286 911 1337 nos-

104 1367 273 1422 queconsonsu
290 1353 367 1406 uxoris
381 1353 593 1418 emnemaedpere
609 1353 668 1404 sirm
680 1353 749 1404 etiam
770 1358 847 1418 ponent
862 1355 911 1408 do·

104 1427 167 1480 mino
181 1441 223 1481 suo
236 1430 341 1490 terreno,
351 1425 365 1478 a
374 1439 420 1492 quo
434 1426 527 1478 feudum
540 1429 619 1491 muci,
632 1427 720 1492 absque
733 1425 911 1492 ojusnonsensn
977 1455 978 1490 a

104 1497 210 1549 militare.
224 1498 272 1548 Nec
285 1501 363 1548 tamen
373 1496 469 1549 omnino
480 1495 695 1548 sunraniturnxori
702 1495 743 1561 ius
756 1509 840 1560 suum,
854 1500 912 1563 qnia
977 1505 978 1562 ἶ

7 1570 8 1573 ’
104 1583 162 1620 uxor
184 1571 261 1634 potest
276 1581 329 1619 eum
344 1567 418 1633 sequi.
432 1569 481 1619 Nec
501 1571 537 1619 est
557 1569 630 1620 simio
646 1569 675 1619 de
690 1581 762 1618 uxore
775 1569 803 1618 ad
816 1569 909 1634 cirnm3
977 1563 978 1630 ξ

103 1641 171 1705 quia,
183 1639 234 1692 ciam
245 1640 282 1692 vir
293 1640 374 1692 debent
385 1653 577 1705 regenerantem,
589 1644 614 1692 et
622 1651 668 1692 non
682 1638 824 1702 econverso,
833 1643 912 1707 magis

103 1715 196 1764 renem
205 1725 262 1763 uror
271 1713 335 1779 sequi
351 1711 442 1775 uirum,
453 1711 522 1776 quim
536 1713 677 1770 dconvorno.
689 1711 718 1762 iit
727 1715 835 1776 proterea
848 1727 909 1766 uxor

104 1796 157 1854 cum
171 1783 254 1847 majori
274 1785 376 1848 periculo
396 1783 508 1834 castitatis
527 1783 664 1839 discurreret
682 1795 724 1847 por
741 1785 910 1848 terras,qnam

104 1853 151 1913 cir,
164 1856 187 1903 et
204 1867 257 1904 enm
270 1857 353 1907 minori
365 1855 474 1908 Ecclesia
493 1855 600 1907 utilitate.
616 1855 645 1906 idi
662 1855 713 1906 ideo
731 1867 789 1906 uxor
805 1869 853 1908 non
864 1870 909 1921 po-
977 1871 978 1894 ³

104 1929 151 1976 test
164 1925 296 1988 huiusmodi
309 1929 388 1978 uotum
401 1927 477 1979 facere
494 1927 544 1978 sine
555 1927 599 1978 viri
612 1940 736 1979 consensu.
977 1949 978 1988 3

137 1997 170 2046 dd
183 1996 308 2046 secundum
329 1997 465 2060 dicendum,
479 1998 539 2062 quod
553 1997 611 2048 alter
627 1999 752 2063 conjugum
771 1999 910 2053 dissentiens
977 1991 978 2020 '

104 2063 158 2119 voto
170 2065 320 2119 continentiae
334 2067 443 2133 alterius,
456 2083 504 2123 non
517 2073 612 2136 peccant,
626 2070 680 2134 quia
702 2084 747 2125 non
762 2071 870 2124 dissentit
883 2078 910 2124 nt

104 2139 190 2190 bonum
203 2138 265 2190 iltius
279 2137 403 2204 impediat,
416 2141 457 2192 sed
466 2155 496 2192 ne
509 2141 554 2192 sini
567 2141 726 2206 prejudicium
742 2143 873 2206 generetur.
977 2169 978 2194 t

137 2212 171 2267 Ad
189 2210 279 2264 tertium
302 2211 439 2278 dicendum,
456 2213 593 2279 quodcirca
611 2214 655 2266 hoc
671 2217 708 2264 cst
722 2214 805 2278 duplex
820 2215 908 2279 opinio.

105 2284 202 2344 Quidam
212 2283 274 2334 enim
284 2283 362 2335 dicunt
374 2284 436 2349 qnod
451 2287 612 2350 nnusaosqnc
628 2298 742 2340 consensu
755 2286 848 2338 aterius
865 2302 909 2355 pa
977 2317 978 2340 i

104 2359 150 2405 test
167 2367 252 2406 nouere
267 2353 328 2419 quod
344 2369 391 2408 non
411 2362 476 2422 petet
488 2358 608 2422 debitum,
622 2371 669 2408 non
686 2361 762 2410 antem
781 2357 840 2422 qnod
861 2374 908 2412 non
977 2417 978 2422 χ

103 2425 200 2490 reddet3
215 2426 269 2490 quia
280 2427 305 2478 in
321 2427 394 2492 primo
406 2433 502 2495 uterque
517 2435 553 2482 cst
572 2431 609 2482 sui
624 2430 699 2495 juris,
715 2431 757 2482 sed
771 2443 817 2482 non
830 2432 856 2482 in
871 2446 909 2484 se-

104 2497 187 2548 cundo.
199 2499 243 2548 Sed
252 2499 305 2562 quia
319 2499 340 2550 si
349 2500 407 2552 aiter
417 2514 534 2566 nunquam
543 2505 632 2567 peteret
642 2502 760 2566 debitum,
774 2515 805 2553 ex
818 2503 862 2554 hoc
873 2505 909 2568 ai·
977 2559 978 2566 χ

106 2569 150 2620 teri
163 2570 333 2622 matrimonium
346 2572 416 2624 nimis
431 2586 552 2626 onerosum
567 2574 710 2634 redderetur,
721 2575 775 2626 dnm
792 2577 908 2640 oporteret

106 2655 177 2692 unum
188 2653 280 2708 semper
288 2645 446 2698 contusionem
458 2645 528 2698 debiti
538 2647 632 2712 petendi
644 2645 730 2709 subire,
743 2645 795 2699 ideo
805 2646 842 2700 alii
853 2661 908 2713 pro·
977 2673 978 2714 ᾗ

139 2783 172 2849 (i)
188 2788 218 2834 Bt
230 2787 261 2835 11.
276 2791 312 2853 11,
327 2804 368 2850 qu.
379 2793 419 2856 88,
433 2799 478 2842 ort.
490 2793 512 2856 1,
529 2793 672 2843 dictumest.
