1924 3322
116 159 161 208 tuo
241 169 437 220 snnnnnunnnnu,
455 167 547 213 ounsn.
563 169 648 217 unuvu,
664 167 719 206 nnn.
733 167 791 208 viu.

90 253 94 262 *
114 248 197 311 quibus
208 248 280 300 modis
290 250 367 312 etque
377 247 456 298 ordine
465 245 574 309 veniunt,
588 245 660 310 magis
673 244 829 296 tnundonebit
838 255 915 295 rennui

113 320 270 384 experientia,
281 333 352 382 ouum
363 333 425 370 nune
438 321 499 369 uniet
511 317 619 382 consequi
633 318 661 367 nd
673 317 800 381 perfeetum
814 315 913 367 hominis

114 391 273 454 intelligentta.
287 391 398 442 Existimo
409 395 486 442 tamen
502 404 528 442 eo
545 403 590 454 quo
604 390 663 440 omo
675 393 852 440 commemorata
863 391 917 438 suut

113 465 192 515 ordine
206 477 257 514 osse
272 468 376 513 ventura.
389 479 404 526 u
419 464 478 523 Engo
497 468 559 528 putet
578 463 639 527 qnod
652 463 702 513 hoo
717 460 774 511 dixit
792 461 915 526 opinando.

145 538 173 586 Et
182 535 285 587 similiter
296 535 417 586 dicendum
431 537 459 586 nd
471 537 603 586 secundum.

145 607 180 657 nn
196 606 288 657 tertium
302 607 437 666 dicendum,
453 607 514 670 qnod
535 619 615 658 omnes
631 605 738 656 homines
751 605 881 656 morientur
893 609 916 656 et

113 682 249 741 resurgent3
267 678 307 728 sed
327 683 404 728 tanuen
426 677 460 728 itii
473 679 580 728 dicuntur
600 679 648 728 viui
665 677 774 741 reperiri,
789 676 829 740 qui
845 691 918 742 usquo

114 750 143 800 ad
156 753 248 812 tempus
259 749 441 813 conflagrationis
453 749 533 800 uiuent
548 750 573 799 in
584 760 686 814 conpone.

125 847 127 852 ·
146 821 180 873 to
195 823 298 884 quntum
314 821 450 883 dicendum,
467 821 528 885 qnod
543 821 582 872 itte
597 821 658 885 ignis
669 833 715 870 non
731 820 855 884 exequitur
865 835 918 872 sen-

115 891 209 944 tentiam
223 891 322 954 Judiois,
335 892 381 944 nisi
393 893 466 956 quoad
478 893 642 944 involutionem
658 895 777 946 malorum.
790 893 820 944 ut
836 907 916 958 quan-

114 969 163 1016 tum
177 965 206 1016 nd
220 964 265 1016 huo
283 969 391 1030 sequetur
401 965 523 1030 iudicium.

331 1213 332 1216 Ν
398 1144 559 1200 uunicuuns
576 1144 634 1196 un

118 1273 202 1319 Utrum
216 1273 280 1319 ille
271 1274 334 1331 tynis
344 1274 471 1320 habiturus
480 1275 512 1318 nii
526 1275 598 1319 tatem
611 1275 740 1334 effectum
730 1287 758 1320 mn
773 1275 918 1341 hominebus

394 1337 474 1396 qualis
485 1337 632 1396 destamentum

146 1468 180 1519 td
193 1472 298 1520 ootuuum
310 1468 342 1520 sio
354 1467 494 1534 proceditur.
508 1467 603 1520 vitetur
619 1467 729 1531 quoditie
743 1468 805 1533 ignis
815 1482 862 1522 non
878 1473 920 1522 hn-

115 1539 179 1591 bobit
189 1541 257 1592 talem
269 1542 377 1590 effectum
385 1540 410 1590 in
418 1538 558 1602 hominihus,
570 1539 674 1602 qimtisin
683 1539 758 1590 littere
777 1541 826 1605 (tv.
837 1543 919 1605 Seni.)

115 1611 326 1676 designamini
345 1611 406 1662 euim
426 1610 529 1661 consumi
544 1610 637 1672 dieitur,
653 1611 714 1675 quod
733 1610 757 1660 in
771 1611 869 1662 nihilum
884 1627 919 1663 ne·

115 1683 214 1734 ducitur.
230 1683 275 1734 Sed
284 1697 376 1747 corporo
387 1682 509 1748 impiorum
518 1692 565 1732 uon
573 1683 715 1733 resolventur
723 1682 747 1731 iu
756 1683 863 1745 nihilum
875 1686 918 1736 sed

116 1755 140 1804 in
160 1759 270 1805 niernum
284 1755 497 1816 conservabuntur,
509 1757 534 1803 ut
547 1757 653 1804 eternum
671 1767 761 1833 umnam
775 1755 917 1806 sustineant.

115 1821 196 1887 Engo
190 1825 250 1888 ignis
259 1825 298 1876 illo
311 1826 410 1877 nouerit
422 1825 489 1876 melis
502 1824 657 1930 consumptio,
671 1825 716 1876 ut
709 1838 732 1875 nn
746 1825 822 1877 littera
834 1826 919 1878 oinium

117 1895 171 1957 (IV.
184 1896 322 1958 Semoni..)

147 1971 170 2016 u.
186 1967 313 2026 Proteum,
328 1966 448 2017 sitiuntur
468 1967 529 2031 qnod
542 1970 660 2020 consumet
678 1968 787 2018 maiorum
805 1983 917 2034 nemone,

115 2037 259 2103 inquantum
270 2049 296 2088 ea
310 2038 427 2088 resolvet
421 2053 446 2088 nn
460 2039 568 2104 cinerem,
583 2043 675 2102 contre,
690 2039 748 2090 sient
758 2053 854 2104 corpora
873 2055 920 2091 mn·

115 2109 204 2168 ionum,
215 2107 248 2158 itu
259 2112 282 2158 et
295 2108 405 2158 honorum
418 2110 443 2160 iu
459 2110 559 2162 cinerem
577 2111 732 2174 resoluentnr3
746 2113 790 2161 hoo
805 2113 868 2163 enim
882 2117 917 2164 est

116 2180 198 2232 Christi
210 2177 280 2230 soiius
291 2178 478 2243 priuilegiumut
488 2195 562 2234 «ceno
571 2184 622 2247 ejus
639 2196 684 2234 non
699 2183 777 2233 uideat
791 2185 917 2250 corruptio-

116 2266 192 2302 neuun
206 2251 309 2314 (Po-tv
319 2253 342 2300 et
351 2252 417 2313 Ant„
427 2252 469 2318 11).
479 2255 539 2318 Ergo
553 2255 620 2306 etium
632 2259 657 2306 et
672 2255 739 2306 bonis
751 2259 806 2306 tuno
819 2257 918 2321 repentis

116 2324 159 2374 erit
173 2321 326 2386 consumptio.

148 2400 171 2443 o.
189 2396 316 2454 i‘raeteren,
330 2394 424 2448 iniectio
434 2397 523 2460 peccati
538 2399 610 2462 magis
625 2397 763 2450 abundatio
781 2399 916 2464 elementis,

116 2465 241 2516 secundum
251 2465 311 2529 quod
325 2466 421 2517 veniunt
434 2470 460 2519 no
474 2469 660 2534 compositionem
676 2470 769 2521 hnmani
782 2473 918 2534 corporisiu

117 2549 161 2601 quo
180 2542 214 2588 est
231 2535 346 2602 cormptio
360 2540 446 2592 iomitis
461 2539 547 2606 (etium
562 2538 676 2605 quonium
689 2543 717 2592 ed
728 2541 835 2607 bonne),
850 2545 916 2607 quim

115 2608 141 2658 in
157 2609 275 2660 elementis
296 2615 359 2660 entre
376 2625 458 2676 corpus
478 2614 603 2662 unumunurn
627 2613 786 2665 existentibus.
800 2615 846 2665 Sed
865 2617 917 2666 ele-

23 2711 27 2718 ·
116 2683 192 2730 menta
209 2685 271 2730 entre
282 2695 363 2746 corpus
373 2684 499 2734 humanum
512 2684 641 2747 existentia,
656 2685 813 2749 purgabuntur
824 2692 916 2751 propter
951 2681 952 2720 ἕ

116 2753 202 2816 peceati
212 2753 366 2805 intentionem.
380 2755 438 2816 Ergo
450 2754 519 2806 multo
529 2755 609 2806 fortius
625 2761 714 2820 oportet
724 2757 853 2821 perignem
863 2772 915 2823 pun·

117 2823 165 2885 geni
181 2825 292 2876 elementa
310 2825 335 2878 in
349 2827 482 2892 eorpuinus
500 2828 605 2880 humanis
623 2827 760 2892 existentia,
775 2831 826 2880 sine
840 2831 915 2882 bono-
951 2879 952 2886 t

117 2908 176 2961 rum,
191 2897 240 2949 stne
250 2897 373 2962 mulorum
384 2903 408 2950 et
417 2899 450 2950 itn
461 2903 704 2966 oportetntnouumque
714 2911 811 2966 corpora
821 2901 912 2956 reuolui.
951 2905 952 2996 t

951 3003 952 3056 t
