1968 3294
270 171 299 208 nr
315 141 390 208 renue
406 169 579 210 ceutronum.
776 175 821 220 703

18 249 59 296 cst
69 247 101 296 ut
116 243 176 294 siem
188 243 270 296 merito
279 245 385 298 meritum
396 251 432 296 est
442 247 529 310 noejus,
541 247 576 298 stc
587 245 677 300 aureole
689 257 735 298 nne
746 257 818 312 metor

19 313 98 366 elteri
112 327 162 366 esse
172 313 291 376 dicemur.)

54 386 197 449 {despondeo
213 383 346 448 mendum,
360 385 421 449 qnod
431 385 483 438 cium
496 385 600 440 meritum
612 385 643 438 sit
657 387 818 450 quodammodo

20 456 120 520 premii
137 468 222 518 cuum,
236 460 326 520 eportet
339 456 485 509 diversificari
501 457 606 521 premia,
620 457 743 508 secundom
757 461 818 522 quod

21 529 113 580 merito
134 527 326 589 dneuiucnoun
340 527 425 590 enquid
445 527 506 580 euim
521 527 646 580 intenditur
662 532 685 580 et
699 529 819 580 remittitur

21 611 66 664 per
80 597 236 650 intensionem
253 601 278 648 et
292 599 448 650 remissionem
461 611 509 650 sune
529 611 611 650 censo.
627 599 729 650 discitum
742 605 819 652 eutem

21 668 128 720 aureole
140 671 277 732 potestesse
289 670 364 731 meins
376 674 400 719 et
413 669 495 720 minus.
515 667 578 720 Unde
596 673 620 720 et
639 670 728 720 aureole
744 673 820 733 potest

21 749 79 790 esse
96 739 172 802 major
182 743 207 790 et
220 739 301 790 minor.
314 738 433 790 Sciendum
443 743 520 790 tumen
530 738 589 802 quod
603 739 706 790 meritum
722 740 819 794 aureole

22 813 107 873 potest
126 809 213 862 mendi
227 806 347 873 dupliciter
360 825 366 860 :
379 823 425 862 uno
441 812 524 872 modo,
538 823 568 860 ex
580 813 644 874 perte
663 810 760 875 rudicic3
774 812 819 864 elio

23 881 107 941 modo,
117 892 147 930 ex
159 884 222 944 perte
236 880 318 942 operis.
329 879 442 944 contingit
451 880 511 932 cuim
521 892 572 932 esse
585 880 672 943 aliquos
686 879 752 942 duos,
763 895 819 946 ouo

23 962 77 998 rum
92 961 152 1000 unus
165 962 194 1000 ex
206 949 288 1000 minori
300 950 407 1002 charitate
420 954 491 1014 mutus
504 953 640 1001 tormentum
654 950 754 1016 mertprii
768 965 818 1003 sus-

24 1019 102 1080 tinet,
114 1021 150 1071 uei
159 1020 231 1084 magis
243 1020 396 1080 predicationi
407 1020 490 1081 instat,
501 1025 540 1070 out
554 1020 621 1070 etiem
636 1021 707 1084 magis
717 1022 730 1070 i
741 1022 819 1073 delec-

23 1089 139 1140 tabilibus
152 1089 226 1139 cernis
241 1102 265 1140 se
275 1089 374 1152 elonget.
388 1089 511 1140 intensioni
523 1102 577 1152 engo
590 1088 663 1140 meriti
678 1103 728 1152 que
742 1094 820 1142 etten-

23 1158 90 1209 ditur
107 1170 178 1222 penes
193 1157 307 1218 redicem,
330 1169 376 1209 nou
394 1159 515 1222 respondet
531 1157 628 1210 intensio
650 1159 761 1222 aureole,
779 1163 819 1212 sed

21 1227 131 1280 intensio
140 1240 224 1280 curce.
233 1227 277 1279 Sed
289 1229 413 1280 intensioni
421 1229 495 1280 meriti
504 1233 597 1292 quaeest
609 1241 639 1279 ex
649 1241 733 1292 genere
744 1231 819 1291 eutis,

23 1298 153 1363 respondet
165 1297 263 1348 intensio
278 1299 381 1350 aureole.
394 1299 458 1350 Unde
472 1302 547 1363 potest
557 1297 675 1364 essequod
689 1297 769 1362 rioms
778 1302 820 1364 qui

23 1368 108 1420 miuus
120 1367 145 1418 in
157 1368 264 1432 mertpric
280 1373 378 1420 meretur
393 1373 501 1433 quantum
517 1369 545 1420 ed
558 1367 678 1422 essentim
691 1370 818 1434 premium,

23 1437 125 1490 habehit
137 1451 178 1502 pro
190 1438 296 1502 martyrio
310 1440 420 1504 majorem
434 1439 557 1490 aureolam.

58 1510 95 1562 nd
111 1508 209 1576 primum
225 1521 282 1572 ¹ergo
297 1507 434 1569 dicendum,
448 1509 510 1572 dudd
528 1507 607 1560 merite
625 1508 706 1574 quibm
728 1509 819 1562 debetur

24 1579 137 1642 aureole,
146 1592 194 1632 nou
207 1579 322 1644 attingunt
334 1579 363 1630 ed
377 1579 499 1628 terminum
512 1577 660 1642 perfectionis
675 1579 818 1644 simpiciter,

25 1652 69 1704 sed
82 1649 207 1702 emendem
221 1649 335 1712 speciem3
351 1649 411 1699 sicut
423 1648 482 1710 ignis
502 1654 538 1699 cst
554 1650 631 1714 specie
645 1647 817 1700 subtilissimum

27 1732 158 1785 comtum.
167 1717 232 1769 Unde
240 1717 296 1768 nihii
309 1718 413 1782 prohihet
422 1731 491 1769 unem
500 1719 613 1769 nureolem
626 1717 669 1768 elie
679 1732 729 1770 esse
744 1722 820 1770 excel·

25 1792 165 1852 lentiorem,
183 1790 241 1840 sicut
254 1789 381 1852 nuusignis
394 1793 430 1840 est
444 1789 488 1839 elio
502 1789 613 1840 subtilior.

60 1862 96 1911 nd
113 1859 236 1910 secuudum
257 1858 390 1921 dicendum,
402 1855 462 1922 qudd
480 1872 525 1909 une
543 1858 661 1922 uirginitas
681 1862 819 1924 potestesse

27 1931 104 1996 major
116 1929 178 1992 elie,
189 1929 396 1994 proptermejorern
404 1943 516 1980 recessum
530 1928 687 1994 inirginitntis
697 1931 817 1994 contrario,

27 2003 55 2052 ut
72 2000 159 2052 dicetur
168 1998 209 2050 iiia
223 2011 273 2050 esse
287 1999 359 2063 major
379 1999 515 2064 virgineus,
531 2013 582 2064 qum
601 2000 673 2064 megin
690 1999 818 2052 occasiones

29 2068 181 2134 corruptionis
197 2068 263 2120 uitet.
282 2068 321 2119 Sic
341 2069 402 2120 enim
418 2069 558 2133 privationes
574 2069 661 2121 intendi
674 2073 781 2134 possuut;
793 2073 818 2120 ut

28 2139 82 2190 cim
91 2138 172 2194 dieitur
184 2140 253 2190 nemo
265 2140 348 2202 mepte
357 2153 443 2198 caecne,
454 2139 506 2204 qnia
514 2139 592 2205 *magis
602 2141 719 2204 elongetur
734 2139 816 2190 enisu.

369 2318 475 2338 ..ΠΙ-Ἀ·

190 2473 335 2548 diodoto
352 2473 445 2540 xenii
462 2473 527 2544 VEL
545 2473 658 2551 notin.

77 2619 111 2668 Do
124 2629 194 2680 pono
206 2616 389 2668 namnetorum*
403 2615 433 2660 in
446 2618 532 2672 reptem
549 2616 667 2661 ordiendo·
680 2615 769 2663 dicire.

62 2763 230 2826 consequenter
242 2759 425 2812 considerandum
443 2766 479 2812 est
493 2760 521 2812 de
532 2757 696 2826 pertinentibus
708 2763 736 2813 ed
749 2765 815 2816 dem-

32 2839 95 2888 ontus
103 2838 155 2900 pest
166 2829 274 2900 judicium
286 2845 292 2886 ;
302 2833 325 2882 et
334 2827 406 2894 primd
415 2868 423 2896 ‚
433 2829 461 2884 de
476 2844 542 2898 poene
556 2833 753 2898 damnatorum,et
761 2834 815 2905 igno
