1932 3330
273 229 304 270 nn
320 225 460 267 sumanus
476 227 633 267 nonrnonun.
807 220 852 268 oea

57 307 164 373 digeant,
186 303 266 358 divint
287 303 357 370 gloril
376 303 499 366 incincti,
517 317 563 356 non
585 306 695 372 jurentur
719 317 759 371 per
778 310 855 360 nostre
877 353 880 360 .

55 377 192 444 suffragia.)

81 450 222 517 Respondeo
234 449 366 512 dicendum,
381 447 441 512 quod
459 447 591 512 suffragium
604 449 632 502 de
646 449 683 500 enl
704 449 791 502 ratione
809 451 853 502 inn-

53 525 130 590 portat
144 521 265 586 qnamdam
281 520 466 583 auxiliationem,
482 533 532 584 quae
545 532 591 571 non
603 521 711 586 competit
728 523 801 588 etqui
816 525 855 577 de·

47 593 140 647 lectum
154 605 200 644 non
215 592 313 658 patitur;
328 590 385 640 nulli
403 591 464 642 enim
475 592 551 656 juvari
569 593 694 656 competit,
711 593 756 645 nisi
775 595 797 645 ei
815 595 855 656 qui

49 667 160 731 indigene
173 668 218 717 est.
226 664 290 715 Unde
300 662 351 714 edm
360 661 434 713 naneti
444 661 483 726 qui
496 666 550 714 suut
560 661 681 730 lupatria,
695 664 740 715 sint
749 667 779 716 alr
788 671 855 720 omni

52 737 181 804 indigentia
204 735 328 796 immunes,
347 733 452 786 inchoati
474 749 489 782 ιι
509 735 538 784 alr
556 735 660 787 ubertets
677 737 759 789 domrls
774 738 816 790 liei
838 753 853 787 s

59 809 166 875 (Peotm.
183 805 294 870 llllllV),
305 807 339 857 eis
352 805 428 870 juvari
441 819 483 870 per
493 807 600 872 sullragia
611 820 657 858 non
669 809 785 875 competit.

87 881 122 932 dd
136 879 234 946 primum
245 891 299 942 ergo
310 877 447 941 dcendnm,
457 877 517 940 quod
528 879 660 943 hujusmodi
673 881 798 932 locutiones
809 895 855 934 non

54 957 109 1004 sunt
120 951 156 1003 sic
168 949 329 1013 intelligendae,
341 948 406 1012 qnasi
414 948 486 999 nauco
499 948 523 998 in
532 949 603 1012 gloria
611 949 732 1014 proliciunt
742 956 854 1016 quantum

54 1027 82 1076 ad
100 1037 140 1086 se,
152 1023 212 1087 quod
232 1035 311 1072 eorum
325 1020 385 1071 festa
396 1021 533 1084 renuimus,
549 1023 589 1074 sed
602 1022 654 1085 qnia
671 1023 736 1074 nobie
747 1024 852 1088 proficit,

54 1096 95 1160 qni
110 1107 189 1147 eornm
202 1091 297 1158 gloriam
310 1091 435 1143 solemniis
447 1092 587 1143 celebramus
601 1106 608 1142 :
624 1092 684 1143 sicut
698 1107 726 1144 ex
740 1095 783 1145 lroc
793 1095 854 1160 quod

52 1168 126 1217 ileum
146 1165 304 1230 cognoscimus
323 1165 362 1215 vel
381 1165 515 1226 laudamus,
529 1168 552 1215 et
566 1164 599 1214 sic
620 1165 785 1229 quodammodo
800 1167 852 1232 ejus

55 1240 128 1306 gloria
142 1237 167 1288 in
180 1237 246 1288 uobis
259 1237 357 1299 crescit,
372 1235 429 1286 nihil
442 1238 488 1287 lieo
502 1238 540 1287 sed
556 1237 622 1287 nobie
635 1239 752 1288 accrescit.

83 1313 118 1362 dd
132 1309 257 1372 secundnm
267 1309 397 1370 dicendum,
408 1308 468 1371 quod
482 1307 586 1371 quamvis
600 1312 741 1360 sacramenta
751 1309 854 1362 eliciant

51 1384 113 1450 qnod
134 1383 231 1446 liguraut
239 1417 248 1443 ,
263 1393 309 1432 uon
326 1384 404 1430 menen
414 1379 480 1429 illum
494 1379 599 1430 effectum
613 1393 679 1430 suum
693 1387 782 1444 ponunt
796 1382 857 1435 circa

53 1467 123 1508 omne
142 1454 166 1504 id
179 1453 241 1516 quod
255 1451 367 1516 figurant,
381 1449 438 1502 alias
448 1451 501 1502 eirm
513 1451 612 1514 figurent
624 1450 751 1512 Christum,
762 1452 788 1503 in
800 1451 851 1518 ipso

52 1526 145 1578 Gnnste
161 1523 245 1587 aliquid
263 1523 397 1585 elicerent,
408 1523 468 1586 qnod
482 1525 519 1572 est
537 1522 676 1584 abnurdnm3
688 1523 729 1573 sed
750 1523 853 1575 eliciunt

53 1599 114 1651 cirea
128 1594 291 1660 suscipientem
304 1598 481 1658 sacramentum,
493 1607 522 1646 ex
534 1594 620 1645 uirtute
630 1594 681 1660 ejus
694 1595 753 1659 qnod
763 1609 804 1661 per
818 1609 854 1648 sa-

54 1672 196 1722 cramentum
216 1666 362 1730 significatur.
377 1667 406 1716 lit
428 1665 461 1716 sic
483 1679 530 1717 non
548 1665 651 1730 sequitur
663 1665 725 1730 qudd
745 1667 855 1720 sacrificia

52 1756 94 1808 pro
114 1739 220 1792 fidelibus
240 1737 353 1790 defunctis
373 1739 463 1801 oblata,
479 1737 565 1788 sanetis
581 1736 681 1801 prosint3
695 1739 734 1790 sed
748 1739 808 1804 quod
825 1753 855 1792 ex

52 1812 140 1865 mentis
164 1813 358 1874 sanctorumque
372 1811 503 1861 recoluntur
515 1810 553 1860 rel
567 1810 725 1874 significentur
736 1811 761 1862 in
775 1825 852 1865 saera·

52 1888 149 1947 monto,
163 1881 253 1947 prosint
265 1882 315 1934 aliis
328 1895 369 1947 pro
380 1881 463 1947 quibus
476 1882 609 1932 offeruntur.

82 1958 117 2008 dd
129 1953 220 2005 tertium
233 1952 362 2016 dicendum,
371 1953 433 2018 qudd
443 1953 549 2016 quamvis
558 1953 632 2004 sancti
645 1954 685 2018 qni
701 1957 753 2006 sunt
766 1955 790 2006 in
803 1969 848 2022 pa-

51 2029 96 2080 tria
111 2027 139 2078 de
160 2024 266 2076 omnibus
277 2025 344 2076 bonis
357 2023 442 2076 nostris
455 2025 585 2089 gaudeant,
601 2027 735 2078 nontamen
749 2029 851 2092 sequitur

51 2099 112 2165 qudd
126 2095 284 2159 multiplicatis
293 2096 376 2148 nostris
387 2095 475 2159 gaudiis
487 2108 566 2146 eorum
576 2097 683 2160 gaudium
695 2102 856 2164 augmentetur

52 2170 194 2231 formaliter,
209 2169 249 2222 sed
267 2167 413 2220 materialiter
426 2167 513 2218 tantum
532 2168 607 2232 :quia
620 2169 695 2220 omnis
715 2170 791 2234 passio
808 2170 855 2221 lor·

53 2242 141 2292 maliter
161 2242 257 2304 augetur
274 2238 400 2290 secundino
413 2237 523 2290 rationem
540 2239 625 2303 obiecti
638 2239 688 2303 sni,
700 2241 758 2291 ratio
775 2247 852 2292 auum

52 2313 166 2378 gaudendi
181 2312 207 2362 in
221 2312 305 2363 sanctis
315 2311 343 2362 de
352 2311 532 2376 quibuscumque
541 2312 655 2375 gandent,
671 2315 708 2363 est
720 2313 770 2377 tuse
784 2313 854 2377 ileos,

52 2387 80 2437 de
99 2397 145 2450 quo
156 2396 204 2435 non
217 2387 316 2450 possunt
327 2383 398 2444 magis
411 2386 436 2432 et
446 2380 522 2432 minis
534 2384 647 2446 gaudere,
660 2384 715 2449 quia
730 2385 763 2435 sie
772 2397 853 2436 esseu-

53 2459 107 2509 tiale
120 2470 200 2508 eorum
213 2456 332 2521 premium
347 2454 488 2518 veneretur,
502 2457 562 2519 quod
575 2455 681 2506 consistit
694 2456 719 2506 in
730 2458 774 2508 lroc
790 2455 852 2522 qnod

53 2531 80 2582 de
93 2531 141 2580 ileo
155 2529 277 2593 gaudeant.
292 2528 356 2577 lludc
369 2539 398 2577 es
412 2528 455 2577 lroc
472 2526 533 2590 qnod
544 2526 604 2578 hona
618 2525 811 2592 multiplicantur,
826 2531 854 2582 de
910 2525 918 2547 “

54 2601 138 2664 quinus
147 2599 262 2665 gaudendi
275 2598 333 2650 ratio
346 2599 380 2650 eie
391 2599 451 2648 Dens
460 2601 511 2661 est,
521 2611 567 2649 non
581 2597 684 2662 sequitur
696 2599 757 2663 qnod
775 2601 855 2653 inten-
903 2633 915 2652 .

53 2671 100 2723 silis
117 2673 251 2736 gaudeant,
266 2670 308 2722 sed
323 2669 384 2734 quod
398 2669 426 2720 de
440 2669 542 2734 plumbus
556 2671 686 2734 gaudeant;
700 2675 724 2723 et
739 2672 790 2726 ideo
808 2687 854 2726 non
960 2675 961 2740 ζ

53 2744 157 2808 seqnitur
169 2742 232 2807 quod
242 2741 350 2806 oneribus
365 2741 448 2792 nostrie
455 2741 575 2805 juventur.
960 2757 961 2764 ι

85 2817 119 2867 lld
137 2817 242 2880 quadum
255 2814 389 2877 dicendum,
409 2813 470 2878 qudd
486 2828 532 2866 non
548 2819 584 2868 eet
603 2815 775 2880 intelligendum
789 2817 852 2882 qndd
960 2817 961 2822 ’

58 2886 98 2938 ilat
115 2887 229 2953 appositio
242 2885 353 2938 mercedis
365 2886 403 2937 rel
418 2887 573 2939 retributionis
586 2886 619 2938 illl
636 2888 702 2939 heato
712 2901 754 2954 per
768 2889 854 2939 suffra-

60 2958 99 3022 gia
119 2959 147 3011 alr
164 2958 242 3024 aliquo
258 2958 334 3022 tana,
350 2959 390 3010 sed
411 2957 511 3011 adeun.
532 2960 579 3012 Vel
600 2957 721 3012 dicendum
743 2959 803 3026 quod
825 2971 854 3012 ex
