<?xml version="1.0" encoding="UTF-8"?>
<!DOCTYPE html PUBLIC "-//W3C//DTD XHTML 1.0 Transitional//EN"
    "http://www.w3.org/TR/xhtml1/DTD/xhtml1-transitional.dtd">
<html xmlns="http://www.w3.org/1999/xhtml" xml:lang="en" lang="en">
 <head>
  <title>
</title>
<meta http-equiv="Content-Type" content="text/html;charset=utf-8" />
  <meta name='ocr-system' content='tesseract 3.04.00' />
  <meta name='ocr-capabilities' content='ocr_page ocr_carea ocr_par ocr_line ocrx_word'/>
</head>
<body>
  <div class='ocr_page' id='page_1' title='image "./summatheologica06nicogoog_0685.png"; bbox 0 0 1968 3294; ppageno 0'>
   <div class='ocr_carea' id='block_1_1' title="bbox 367 162 842 210">
    <p class='ocr_par' dir='ltr' id='par_1_1' title="bbox 367 162 842 210">
     <span class='ocr_line' id='line_1_1' title="bbox 367 162 842 210; baseline 0.008 -5"><span class='ocrx_word' id='word_1_1' title='bbox 367 167 398 205; x_wconf 81' lang='lat' dir='ltr'><strong>oo</strong></span> <span class='ocrx_word' id='word_1_2' title='bbox 413 167 535 206; x_wconf 68' lang='lat' dir='ltr'><strong>euentus.</strong></span> <span class='ocrx_word' id='word_1_3' title='bbox 798 162 842 210; x_wconf 84' lang='lat' dir='ltr'><strong>ool</strong></span> 
     </span>
    </p>
   </div>
   <div class='ocr_carea' id='block_1_2' title="bbox 45 236 848 2689">
    <p class='ocr_par' dir='ltr' id='par_1_2' title="bbox 45 236 848 588">
     <span class='ocr_line' id='line_1_2' title="bbox 49 236 847 304; baseline 0.008 -14"><span class='ocrx_word' id='word_1_4' title='bbox 49 236 184 290; x_wconf 66' lang='lat' dir='ltr'><strong>senissimo</strong></span> <span class='ocrx_word' id='word_1_5' title='bbox 192 239 310 304; x_wconf 66' lang='lat' dir='ltr'><strong>virm&#39;nilos</strong></span> <span class='ocrx_word' id='word_1_6' title='bbox 316 277 324 304; x_wconf 90' lang='lat'><em>‚</em></span> <span class='ocrx_word' id='word_1_7' title='bbox 333 243 431 293; x_wconf 83' lang='lat' dir='ltr'><strong>mrxlmd</strong></span> <span class='ocrx_word' id='word_1_8' title='bbox 440 243 580 294; x_wconf 80' lang='lat' dir='ltr'><strong>inueniretur</strong></span> <span class='ocrx_word' id='word_1_9' title='bbox 588 243 685 294; x_wconf 81' lang='lat' dir='ltr'><strong>unrcnln.</strong></span> <span class='ocrx_word' id='word_1_10' title='bbox 694 241 739 294; x_wconf 81' lang='lat' dir='ltr'><strong>Sed</strong></span> <span class='ocrx_word' id='word_1_11' title='bbox 749 243 773 293; x_wconf 90' lang='lat' dir='ltr'><strong>in</strong></span> <span class='ocrx_word' id='word_1_12' title='bbox 781 244 847 296; x_wconf 80' lang='lat' dir='ltr'><strong>beata</strong></span> 
     </span>
     <span class='ocr_line' id='line_1_3' title="bbox 47 311 848 380; baseline 0.009 -20"><span class='ocrx_word' id='word_1_13' title='bbox 47 311 153 374; x_wconf 82' lang='lat' dir='ltr'>Virgine</span> <span class='ocrx_word' id='word_1_14' title='bbox 163 315 198 363; x_wconf 83' lang='lat' dir='ltr'><strong>eet</strong></span> <span class='ocrx_word' id='word_1_15' title='bbox 210 311 373 376; x_wconf 84' lang='lat' dir='ltr'><strong>perlectleelmu</strong></span> <span class='ocrx_word' id='word_1_16' title='bbox 385 314 519 378; x_wconf 55' lang='lat' dir='ltr'><strong>virginium</strong></span> <span class='ocrx_word' id='word_1_17' title='bbox 532 315 622 364; x_wconf 81' lang='lat' dir='ltr'><strong>undeet</strong></span> <span class='ocrx_word' id='word_1_18' title='bbox 634 314 711 379; x_wconf 73' lang='lat' dir='ltr'><strong>Viryo</strong></span> <span class='ocrx_word' id='word_1_19' title='bbox 719 317 848 380; x_wconf 72' lang='lat' dir='ltr'><strong>oirqr&#39;num</strong></span> 
     </span>
     <span class='ocr_line' id='line_1_4' title="bbox 47 381 847 452; baseline 0.008 -20"><span class='ocrx_word' id='word_1_20' title='bbox 47 381 203 444; x_wconf 74' lang='lat' dir='ltr'><strong>nominatum</strong></span> <span class='ocrx_word' id='word_1_21' title='bbox 215 385 328 434; x_wconf 76' lang='lat' dir='ltr'><strong>etlumen</strong></span> <span class='ocrx_word' id='word_1_22' title='bbox 339 383 360 434; x_wconf 89' lang='lat' dir='ltr'><strong>ei</strong></span> <span class='ocrx_word' id='word_1_23' title='bbox 370 395 416 434; x_wconf 87' lang='lat' dir='ltr'><strong>ooo</strong></span> <span class='ocrx_word' id='word_1_24' title='bbox 429 385 525 435; x_wconf 83' lang='lat' dir='ltr'><strong>deletur</strong></span> <span class='ocrx_word' id='word_1_25' title='bbox 534 385 624 436; x_wconf 83' lang='lat' dir='ltr'><strong>uurcoln</strong></span> <span class='ocrx_word' id='word_1_26' title='bbox 633 421 641 448; x_wconf 84' lang='lat'><strong><em>‚</em></strong></span> <span class='ocrx_word' id='word_1_27' title='bbox 649 386 701 449; x_wconf 80' lang='lat' dir='ltr'><strong>quio</strong></span> <span class='ocrx_word' id='word_1_28' title='bbox 712 386 795 437; x_wconf 82' lang='lat' dir='ltr'><strong>nullom</strong></span> <span class='ocrx_word' id='word_1_29' title='bbox 806 403 847 452; x_wconf 92' lang='lat' dir='ltr'><strong>pn-</strong></span> 
     </span>
     <span class='ocr_line' id='line_1_5' title="bbox 48 451 847 518; baseline 0.011 -16"><span class='ocrx_word' id='word_1_30' title='bbox 48 465 126 516; x_wconf 81' lang='lat' dir='ltr'><strong>gnem</strong></span> <span class='ocrx_word' id='word_1_31' title='bbox 147 451 255 504; x_wconf 71' lang='lat' dir='ltr'><strong>sustinuit</strong></span> <span class='ocrx_word' id='word_1_32' title='bbox 267 454 291 504; x_wconf 87' lang='lat' dir='ltr'><strong>in</strong></span> <span class='ocrx_word' id='word_1_33' title='bbox 307 454 456 517; x_wconf 88' lang='lat' dir='ltr'><strong>continendo,</strong></span> <span class='ocrx_word' id='word_1_34' title='bbox 468 455 518 506; x_wconf 87' lang='lat' dir='ltr'><strong>clrm</strong></span> <span class='ocrx_word' id='word_1_35' title='bbox 541 456 682 518; x_wconf 77' lang='lat' dir='ltr'><strong>corruptione</strong></span> <span class='ocrx_word' id='word_1_36' title='bbox 697 456 783 510; x_wconf 81' lang='lat' dir='ltr'><strong>inmitis</strong></span> <span class='ocrx_word' id='word_1_37' title='bbox 800 471 847 513; x_wconf 88' lang='lat' dir='ltr'><strong>oen</strong></span> 
     </span>
     <span class='ocr_line' id='line_1_6' title="bbox 45 523 735 588; baseline 0.01 -16"><span class='ocrx_word' id='word_1_38' title='bbox 45 524 128 575; x_wconf 80' lang='lat' dir='ltr'><strong>fucrit</strong></span> <span class='ocrx_word' id='word_1_39' title='bbox 140 523 254 576; x_wconf 81' lang='lat' dir='ltr'><strong>iniectule.</strong></span> <span class='ocrx_word' id='word_1_40' title='bbox 265 524 325 588; x_wconf 78' lang='lat' dir='ltr'><strong>lingo</strong></span> <span class='ocrx_word' id='word_1_41' title='bbox 336 525 460 588; x_wconf 79' lang='lat' dir='ltr'><strong>uirginitati</strong></span> <span class='ocrx_word' id='word_1_42' title='bbox 469 527 559 576; x_wconf 84' lang='lat' dir='ltr'><strong>eureeln</strong></span> <span class='ocrx_word' id='word_1_43' title='bbox 576 539 623 576; x_wconf 91' lang='lat' dir='ltr'><strong>nou</strong></span> <span class='ocrx_word' id='word_1_44' title='bbox 635 527 735 579; x_wconf 69' lang='lat' dir='ltr'><strong>debeor.</strong></span> 
     </span>
    </p>

    <p class='ocr_par' dir='ltr' id='par_1_3' title="bbox 47 594 846 1010">
     <span class='ocr_line' id='line_1_7' title="bbox 90 594 845 664; baseline 0.015 -23"><span class='ocrx_word' id='word_1_45' title='bbox 90 595 116 643; x_wconf 71' lang='grc' dir='ltr'><strong>θ.</strong></span> <span class='ocrx_word' id='word_1_46' title='bbox 131 595 256 657; x_wconf 63' lang='lat' dir='ltr'><strong>murce,</strong></span> <span class='ocrx_word' id='word_1_47' title='bbox 270 594 293 645; x_wconf 88' lang='lat' dir='ltr'><strong>ci</strong></span> <span class='ocrx_word' id='word_1_48' title='bbox 307 595 367 658; x_wconf 87' lang='lat' dir='ltr'><strong>quod</strong></span> <span class='ocrx_word' id='word_1_49' title='bbox 377 607 423 646; x_wconf 91' lang='lat' dir='ltr'><strong>uon</strong></span> <span class='ocrx_word' id='word_1_50' title='bbox 436 599 472 646; x_wconf 81' lang='lat' dir='ltr'><strong>eol</strong></span> <span class='ocrx_word' id='word_1_51' title='bbox 483 595 606 646; x_wconf 80' lang='lat' dir='ltr'><strong>secundom</strong></span> <span class='ocrx_word' id='word_1_52' title='bbox 616 609 683 648; x_wconf 86' lang='lat' dir='ltr'><strong>omne</strong></span> <span class='ocrx_word' id='word_1_53' title='bbox 695 602 786 664; x_wconf 82' lang='lat' dir='ltr'><strong>tempus</strong></span> <span class='ocrx_word' id='word_1_54' title='bbox 798 601 845 653; x_wconf 84' lang='lat' dir='ltr'><strong>lno-</strong></span> 
     </span>
     <span class='ocr_line' id='line_1_8' title="bbox 48 663 846 731; baseline 0.006 -15"><span class='ocrx_word' id='word_1_55' title='bbox 48 663 143 725; x_wconf 83' lang='lat' dir='ltr'><strong>debiie,</strong></span> <span class='ocrx_word' id='word_1_56' title='bbox 156 677 202 716; x_wconf 91' lang='lat' dir='ltr'><strong>non</strong></span> <span class='ocrx_word' id='word_1_57' title='bbox 215 665 309 715; x_wconf 82' lang='lat' dir='ltr'><strong>debetur</strong></span> <span class='ocrx_word' id='word_1_58' title='bbox 317 665 434 729; x_wconf 76' lang='lat' dir='ltr'><strong>premium</strong></span> <span class='ocrx_word' id='word_1_59' title='bbox 447 666 567 716; x_wconf 80' lang='lat' dir='ltr'><strong>excellent.</strong></span> <span class='ocrx_word' id='word_1_60' title='bbox 577 667 621 717; x_wconf 88' lang='lat' dir='ltr'><strong>Sed</strong></span> <span class='ocrx_word' id='word_1_61' title='bbox 633 668 785 731; x_wconf 74' lang='lat' dir='ltr'><strong>uirginitatem</strong></span> <span class='ocrx_word' id='word_1_62' title='bbox 798 683 846 722; x_wconf 82' lang='lat' dir='ltr'><strong>oer-</strong></span> 
     </span>
     <span class='ocr_line' id='line_1_9' title="bbox 48 735 845 802; baseline 0.011 -19"><span class='ocrx_word' id='word_1_63' title='bbox 48 747 131 796; x_wconf 80' lang='lat' dir='ltr'><strong>varc,</strong></span> <span class='ocrx_word' id='word_1_64' title='bbox 144 737 169 785; x_wconf 92' lang='lat' dir='ltr'><strong>in</strong></span> <span class='ocrx_word' id='word_1_65' title='bbox 186 739 246 786; x_wconf 82' lang='lat' dir='ltr'><strong>elatu</strong></span> <span class='ocrx_word' id='word_1_66' title='bbox 265 735 401 788; x_wconf 75' lang='lat' dir='ltr'><strong>innocentie</strong></span> <span class='ocrx_word' id='word_1_67' title='bbox 415 749 461 786; x_wconf 86' lang='lat' dir='ltr'><strong>eoo</strong></span> <span class='ocrx_word' id='word_1_68' title='bbox 479 736 560 788; x_wconf 77' lang='lat' dir='ltr'><strong>inisset</strong></span> <span class='ocrx_word' id='word_1_69' title='bbox 577 737 703 802; x_wconf 78' lang='lat' dir='ltr'><strong>lundebile3</strong></span> <span class='ocrx_word' id='word_1_70' title='bbox 721 739 773 790; x_wconf 65' lang='lat' dir='ltr'><strong>mm</strong></span> <span class='ocrx_word' id='word_1_71' title='bbox 790 745 845 792; x_wconf 89' lang='lat' dir='ltr'><strong>tnnc</strong></span> 
     </span>
     <span class='ocr_line' id='line_1_10' title="bbox 48 805 845 873; baseline 0.009 -18"><span class='ocrx_word' id='word_1_72' title='bbox 48 809 198 870; x_wconf 76' lang='lat' dir='ltr'><strong>preceptum</strong></span> <span class='ocrx_word' id='word_1_73' title='bbox 211 808 286 868; x_wconf 82' lang='lat' dir='ltr'><strong>osset,</strong></span> <span class='ocrx_word' id='word_1_74' title='bbox 301 806 419 856; x_wconf 75' lang='lat' dir='ltr'><strong>comente</strong></span> <span class='ocrx_word' id='word_1_75' title='bbox 430 808 454 855; x_wconf 81' lang='lat' dir='ltr'><strong>ct</strong></span> <span class='ocrx_word' id='word_1_76' title='bbox 466 805 646 870; x_wconf 78' lang='lat' dir='ltr'><strong>multiplicamini</strong></span> <span class='ocrx_word' id='word_1_77' title='bbox 655 842 661 867; x_wconf 92' lang='lat'>,</span> <span class='ocrx_word' id='word_1_78' title='bbox 671 810 696 860; x_wconf 85' lang='lat' dir='ltr'><strong>el</strong></span> <span class='ocrx_word' id='word_1_79' title='bbox 703 811 789 873; x_wconf 83' lang='lat' dir='ltr'><strong>replete</strong></span> <span class='ocrx_word' id='word_1_80' title='bbox 798 815 845 862; x_wconf 88' lang='lat' dir='ltr'><strong>ter·</strong></span> 
     </span>
     <span class='ocr_line' id='line_1_11' title="bbox 47 875 845 940; baseline 0.009 -14"><span class='ocrx_word' id='word_1_81' title='bbox 47 887 122 938; x_wconf 80' lang='lat' dir='ltr'><strong>rnm3</strong></span> <span class='ocrx_word' id='word_1_82' title='bbox 135 891 150 922; x_wconf 81' lang='lat' dir='ltr'><strong>o</strong></span> <span class='ocrx_word' id='word_1_83' title='bbox 169 887 212 926; x_wconf 87' lang='lat' dir='ltr'><strong>nec</strong></span> <span class='ocrx_word' id='word_1_84' title='bbox 227 876 295 926; x_wconf 84' lang='lat' dir='ltr'><strong>elium</strong></span> <span class='ocrx_word' id='word_1_85' title='bbox 310 878 412 940; x_wconf 80' lang='lat' dir='ltr'><strong>tempure</strong></span> <span class='ocrx_word' id='word_1_86' title='bbox 431 875 502 939; x_wconf 80' lang='lat' dir='ltr'><strong>legis,</strong></span> <span class='ocrx_word' id='word_1_87' title='bbox 521 877 573 927; x_wconf 80' lang='lat' dir='ltr'><strong>cium</strong></span> <span class='ocrx_word' id='word_1_88' title='bbox 589 877 679 928; x_wconf 84' lang='lat' dir='ltr'><strong>elerileo</strong></span> <span class='ocrx_word' id='word_1_89' title='bbox 695 883 762 930; x_wconf 83' lang='lat' dir='ltr'><strong>erunt</strong></span> <span class='ocrx_word' id='word_1_90' title='bbox 775 882 845 933; x_wconf 84' lang='lat' dir='ltr'><strong>mele·</strong></span> 
     </span>
     <span class='ocr_line' id='line_1_12' title="bbox 49 945 624 1010; baseline 0 -14"><span class='ocrx_word' id='word_1_91' title='bbox 49 946 133 996; x_wconf 77' lang='lat' dir='ltr'><strong>dicte.</strong></span> <span class='ocrx_word' id='word_1_92' title='bbox 148 945 209 1010; x_wconf 76' lang='lat' dir='ltr'><strong>Ergo</strong></span> <span class='ocrx_word' id='word_1_93' title='bbox 222 945 344 1008; x_wconf 80' lang='lat' dir='ltr'><strong>uirginiteti</strong></span> <span class='ocrx_word' id='word_1_94' title='bbox 355 945 457 994; x_wconf 82' lang='lat' dir='ltr'><strong>aureolo</strong></span> <span class='ocrx_word' id='word_1_95' title='bbox 468 957 513 996; x_wconf 91' lang='lat' dir='ltr'><strong>non</strong></span> <span class='ocrx_word' id='word_1_96' title='bbox 523 946 624 998; x_wconf 85' lang='lat' dir='ltr'><strong>dolelm.</strong></span> 
     </span>
    </p>

    <p class='ocr_par' dir='ltr' id='par_1_4' title="bbox 46 1014 844 1348">
     <span class='ocr_line' id='line_1_13' title="bbox 89 1014 844 1082; baseline 0.013 -17"><span class='ocrx_word' id='word_1_97' title='bbox 89 1019 114 1067; x_wconf 80' lang='lat' dir='ltr'><strong>t.</strong></span> <span class='ocrx_word' id='word_1_98' title='bbox 129 1017 254 1076; x_wconf 78' lang='lat' dir='ltr'><strong>Praelcreu,</strong></span> <span class='ocrx_word' id='word_1_99' title='bbox 263 1027 309 1065; x_wconf 88' lang='lat' dir='ltr'><strong>oon</strong></span> <span class='ocrx_word' id='word_1_100' title='bbox 319 1014 480 1066; x_wconf 83' lang='lat' dir='ltr'><strong>debetnridour</strong></span> <span class='ocrx_word' id='word_1_101' title='bbox 490 1017 605 1078; x_wconf 84' lang='lat' dir='ltr'><strong>premium</strong></span> <span class='ocrx_word' id='word_1_102' title='bbox 615 1018 738 1082; x_wconf 79' lang='lat' dir='ltr'><strong>nirgiulluti</strong></span> <span class='ocrx_word' id='word_1_103' title='bbox 749 1026 844 1075; x_wconf 73' lang='lat' dir='ltr'><strong>secreto</strong></span> 
     </span>
     <span class='ocr_line' id='line_1_14' title="bbox 48 1084 844 1158; baseline 0.01 -20"><span class='ocrx_word' id='word_1_104' title='bbox 48 1091 81 1138; x_wconf 86' lang='lat' dir='ltr'><strong>et</strong></span> <span class='ocrx_word' id='word_1_105' title='bbox 101 1085 342 1150; x_wconf 77' lang='lat' dir='ltr'><strong>uirginitnlinmiesae.</strong></span> <span class='ocrx_word' id='word_1_106' title='bbox 359 1084 404 1134; x_wconf 85' lang='lat' dir='ltr'><strong>Sed</strong></span> <span class='ocrx_word' id='word_1_107' title='bbox 418 1097 460 1149; x_wconf 88' lang='lat' dir='ltr'><strong>pro</strong></span> <span class='ocrx_word' id='word_1_108' title='bbox 481 1086 610 1148; x_wconf 76' lang='lat' dir='ltr'><strong>virginitale</strong></span> <span class='ocrx_word' id='word_1_109' title='bbox 627 1089 711 1140; x_wconf 82' lang='lat' dir='ltr'><strong>acuisse</strong></span> <span class='ocrx_word' id='word_1_110' title='bbox 732 1104 844 1158; x_wconf 85' lang='lat' dir='ltr'><strong>quomque</strong></span> 
     </span>
     <span class='ocr_line' id='line_1_15' title="bbox 46 1152 843 1224; baseline 0.006 -16"><span class='ocrx_word' id='word_1_111' title='bbox 46 1155 150 1208; x_wconf 78' lang='lat' dir='ltr'><strong>ulcbelnr</strong></span> <span class='ocrx_word' id='word_1_112' title='bbox 165 1155 281 1214; x_wconf 82' lang='lat' dir='ltr'><strong>curceio,</strong></span> <span class='ocrx_word' id='word_1_113' title='bbox 296 1159 321 1204; x_wconf 89' lang='lat' dir='ltr'><strong>ut</strong></span> <span class='ocrx_word' id='word_1_114' title='bbox 334 1153 355 1204; x_wconf 83' lang='lat' dir='ltr'><strong>si</strong></span> <span class='ocrx_word' id='word_1_115' title='bbox 367 1153 442 1218; x_wconf 78' lang='lat' dir='ltr'><strong>ulique</strong></span> <span class='ocrx_word' id='word_1_116' title='bbox 460 1152 531 1204; x_wconf 80' lang='lat' dir='ltr'><strong>invite</strong></span> <span class='ocrx_word' id='word_1_117' title='bbox 548 1155 695 1218; x_wconf 77' lang='lat' dir='ltr'><strong>prostituatur</strong></span> <span class='ocrx_word' id='word_1_118' title='bbox 707 1159 720 1208; x_wconf 77' lang='lat' dir='ltr'><strong>i</strong></span> <span class='ocrx_word' id='word_1_119' title='bbox 732 1165 843 1224; x_wconf 82' lang='lat' dir='ltr'><strong>lprnono,</strong></span> 
     </span>
     <span class='ocr_line' id='line_1_16' title="bbox 48 1225 844 1290; baseline 0.01 -15"><span class='ocrx_word' id='word_1_120' title='bbox 48 1228 111 1290; x_wconf 81' lang='lat' dir='ltr'><strong>quie</strong></span> <span class='ocrx_word' id='word_1_121' title='bbox 120 1227 238 1277; x_wconf 78' lang='lat' dir='ltr'><strong>christum</strong></span> <span class='ocrx_word' id='word_1_122' title='bbox 250 1225 369 1277; x_wconf 82' lang='lat' dir='ltr'><strong>conflictor</strong></span> <span class='ocrx_word' id='word_1_123' title='bbox 378 1226 423 1289; x_wconf 76' lang='lat' dir='ltr'><strong>(ll.</strong></span> <span class='ocrx_word' id='word_1_124' title='bbox 435 1225 494 1287; x_wconf 83' lang='lat' dir='ltr'><strong>iirgo</strong></span> <span class='ocrx_word' id='word_1_125' title='bbox 502 1225 625 1288; x_wconf 77' lang='lat' dir='ltr'><strong>virginitati</strong></span> <span class='ocrx_word' id='word_1_126' title='bbox 635 1229 737 1279; x_wconf 73' lang='lat' dir='ltr'><strong>omento</strong></span> <span class='ocrx_word' id='word_1_127' title='bbox 747 1241 793 1284; x_wconf 89' lang='lat' dir='ltr'><strong>non</strong></span> <span class='ocrx_word' id='word_1_128' title='bbox 804 1233 844 1283; x_wconf 88' lang='lat' dir='ltr'><strong>de·</strong></span> 
     </span>
     <span class='ocr_line' id='line_1_17' title="bbox 46 1298 601 1348; baseline 0 0"><span class='ocrx_word' id='word_1_129' title='bbox 46 1300 129 1348; x_wconf 79' lang='lat' dir='ltr'><strong>bellur.</strong></span> <span class='ocrx_word' id='word_1_130' title='bbox 599 1298 601 1302; x_wconf 78' lang='grc'>’</span> 
     </span>
    </p>

    <p class='ocr_par' dir='ltr' id='par_1_5' title="bbox 50 1367 845 1571">
     <span class='ocr_line' id='line_1_18' title="bbox 89 1367 845 1432; baseline 0.012 -16"><span class='ocrx_word' id='word_1_131' title='bbox 89 1372 113 1416; x_wconf 81' lang='lat' dir='ltr'><strong>o.</strong></span> <span class='ocrx_word' id='word_1_132' title='bbox 128 1369 250 1430; x_wconf 75' lang='lat' dir='ltr'><strong>erolum,</strong></span> <span class='ocrx_word' id='word_1_133' title='bbox 264 1367 378 1418; x_wconf 76' lang='lat' dir='ltr'><strong>excellens</strong></span> <span class='ocrx_word' id='word_1_134' title='bbox 391 1367 507 1430; x_wconf 83' lang='lat' dir='ltr'><strong>premium</strong></span> <span class='ocrx_word' id='word_1_135' title='bbox 517 1369 565 1418; x_wconf 84' lang='lat' dir='ltr'><strong>iron</strong></span> <span class='ocrx_word' id='word_1_136' title='bbox 579 1367 703 1418; x_wconf 83' lang='lat' dir='ltr'><strong>debetorel</strong></span> <span class='ocrx_word' id='word_1_137' title='bbox 716 1371 775 1432; x_wconf 83' lang='lat' dir='ltr'><strong>qnod</strong></span> <span class='ocrx_word' id='word_1_138' title='bbox 785 1371 845 1425; x_wconf 82' lang='lat' dir='ltr'><strong>lucet</strong></span> 
     </span>
     <span class='ocr_line' id='line_1_19' title="bbox 52 1438 845 1501; baseline 0.006 -12"><span class='ocrx_word' id='word_1_139' title='bbox 52 1439 152 1489; x_wconf 77' lang='lat' dir='ltr'><strong>modist</strong></span> <span class='ocrx_word' id='word_1_140' title='bbox 169 1441 257 1488; x_wconf 83' lang='lat' dir='ltr'><strong>nature.</strong></span> <span class='ocrx_word' id='word_1_141' title='bbox 270 1439 313 1488; x_wconf 85' lang='lat' dir='ltr'><strong>Sed</strong></span> <span class='ocrx_word' id='word_1_142' title='bbox 330 1438 448 1501; x_wconf 77' lang='lat' dir='ltr'><strong>virginitas</strong></span> <span class='ocrx_word' id='word_1_143' title='bbox 465 1438 590 1489; x_wconf 79' lang='lat' dir='ltr'><strong>innascitur</strong></span> <span class='ocrx_word' id='word_1_144' title='bbox 607 1439 698 1490; x_wconf 82' lang='lat' dir='ltr'><strong>cuilibet</strong></span> <span class='ocrx_word' id='word_1_145' title='bbox 716 1441 805 1492; x_wconf 84' lang='lat' dir='ltr'><strong>homini</strong></span> <span class='ocrx_word' id='word_1_146' title='bbox 820 1447 845 1494; x_wconf 88' lang='lat' dir='ltr'><strong>el</strong></span> 
     </span>
     <span class='ocr_line' id='line_1_20' title="bbox 50 1507 734 1571; baseline -0.001 -11"><span class='ocrx_word' id='word_1_147' title='bbox 50 1512 119 1560; x_wconf 79' lang='lat' dir='ltr'><strong>loono</strong></span> <span class='ocrx_word' id='word_1_148' title='bbox 136 1513 160 1558; x_wconf 87' lang='lat' dir='ltr'><strong>et</strong></span> <span class='ocrx_word' id='word_1_149' title='bbox 173 1509 240 1559; x_wconf 85' lang='lat' dir='ltr'><strong>melo.</strong></span> <span class='ocrx_word' id='word_1_150' title='bbox 255 1509 314 1570; x_wconf 82' lang='lat' dir='ltr'><strong>Ergo</strong></span> <span class='ocrx_word' id='word_1_151' title='bbox 326 1507 450 1571; x_wconf 77' lang='lat' dir='ltr'><strong>virginitati</strong></span> <span class='ocrx_word' id='word_1_152' title='bbox 462 1508 563 1558; x_wconf 77' lang='lat' dir='ltr'><strong>colunto</strong></span> <span class='ocrx_word' id='word_1_153' title='bbox 576 1521 621 1560; x_wconf 90' lang='lat' dir='ltr'><strong>non</strong></span> <span class='ocrx_word' id='word_1_154' title='bbox 632 1509 734 1560; x_wconf 84' lang='lat' dir='ltr'><strong>debetur.</strong></span> 
     </span>
    </p>

    <p class='ocr_par' dir='ltr' id='par_1_6' title="bbox 51 1573 846 1993">
     <span class='ocr_line' id='line_1_21' title="bbox 89 1573 845 1647; baseline 0.007 -20"><span class='ocrx_word' id='word_1_155' title='bbox 89 1583 113 1628; x_wconf 80' lang='grc'><strong>6.</strong></span> <span class='ocrx_word' id='word_1_156' title='bbox 129 1573 253 1641; x_wconf 75' lang='lat' dir='ltr'><strong>Praeterea,</strong></span> <span class='ocrx_word' id='word_1_157' title='bbox 265 1579 323 1630; x_wconf 84' lang='lat' dir='ltr'><strong>elcut</strong></span> <span class='ocrx_word' id='word_1_158' title='bbox 333 1592 359 1630; x_wconf 82' lang='lat' dir='ltr'><strong>se</strong></span> <span class='ocrx_word' id='word_1_159' title='bbox 367 1580 434 1628; x_wconf 83' lang='lat' dir='ltr'><strong>habet</strong></span> <span class='ocrx_word' id='word_1_160' title='bbox 449 1579 548 1629; x_wconf 80' lang='lat' dir='ltr'><strong>viduitas</strong></span> <span class='ocrx_word' id='word_1_161' title='bbox 557 1579 585 1629; x_wconf 89' lang='lat' dir='ltr'><strong>ud</strong></span> <span class='ocrx_word' id='word_1_162' title='bbox 595 1579 710 1642; x_wconf 75' lang='lat' dir='ltr'><strong>fructum</strong></span> <span class='ocrx_word' id='word_1_163' title='bbox 722 1585 845 1647; x_wconf 71' lang='lat' dir='ltr'><strong>occupent·</strong></span> 
     </span>
     <span class='ocr_line' id='line_1_22' title="bbox 52 1648 845 1712; baseline 0.001 -12"><span class='ocrx_word' id='word_1_164' title='bbox 52 1661 142 1708; x_wconf 77' lang='lat' dir='ltr'><strong>mum,</strong></span> <span class='ocrx_word' id='word_1_165' title='bbox 155 1649 188 1700; x_wconf 83' lang='lat' dir='ltr'><strong>ite</strong></span> <span class='ocrx_word' id='word_1_166' title='bbox 196 1648 314 1712; x_wconf 73' lang='lat' dir='ltr'><strong>uirginitas</strong></span> <span class='ocrx_word' id='word_1_167' title='bbox 325 1649 351 1698; x_wconf 84' lang='lat' dir='ltr'><strong>ed</strong></span> <span class='ocrx_word' id='word_1_168' title='bbox 365 1651 478 1711; x_wconf 70' lang='lat' dir='ltr'><strong>fructum</strong></span> <span class='ocrx_word' id='word_1_169' title='bbox 489 1650 666 1705; x_wconf 78' lang='lat' dir='ltr'><strong>centecimum,</strong></span> <span class='ocrx_word' id='word_1_170' title='bbox 681 1653 705 1700; x_wconf 88' lang='lat' dir='ltr'><strong>el</strong></span> <span class='ocrx_word' id='word_1_171' title='bbox 718 1651 745 1701; x_wconf 85' lang='lat' dir='ltr'><strong>nd</strong></span> <span class='ocrx_word' id='word_1_172' title='bbox 758 1665 845 1702; x_wconf 81' lang='lat' dir='ltr'><strong>nureo·</strong></span> 
     </span>
     <span class='ocr_line' id='line_1_23' title="bbox 52 1717 843 1784; baseline 0.003 -14"><span class='ocrx_word' id='word_1_173' title='bbox 52 1721 121 1770; x_wconf 86' lang='lat' dir='ltr'><strong>lom.</strong></span> <span class='ocrx_word' id='word_1_174' title='bbox 135 1718 179 1768; x_wconf 84' lang='lat' dir='ltr'><strong>Sed</strong></span> <span class='ocrx_word' id='word_1_175' title='bbox 193 1729 239 1769; x_wconf 90' lang='lat' dir='ltr'><strong>oon</strong></span> <span class='ocrx_word' id='word_1_176' title='bbox 252 1717 343 1770; x_wconf 80' lang='lat' dir='ltr'><strong>coillllcl</strong></span> <span class='ocrx_word' id='word_1_177' title='bbox 354 1719 426 1770; x_wconf 82' lang='lat' dir='ltr'><strong>uidone</strong></span> <span class='ocrx_word' id='word_1_178' title='bbox 444 1720 538 1769; x_wconf 85' lang='lat' dir='ltr'><strong>debetur</strong></span> <span class='ocrx_word' id='word_1_179' title='bbox 551 1720 652 1781; x_wconf 77' lang='lat' dir='ltr'><strong>fructur</strong></span> <span class='ocrx_word' id='word_1_180' title='bbox 666 1724 843 1784; x_wconf 79' lang='lat' dir='ltr'><strong>eenopcrr&#39;moc,</strong></span> 
     </span>
     <span class='ocr_line' id='line_1_24' title="bbox 53 1787 846 1853; baseline 0.003 -12"><span class='ocrx_word' id='word_1_181' title='bbox 53 1791 98 1842; x_wconf 85' lang='lat' dir='ltr'><strong>scd</strong></span> <span class='ocrx_word' id='word_1_182' title='bbox 111 1787 325 1840; x_wconf 80' lang='lat' dir='ltr'><strong>eolimclduimlcm</strong></span> <span class='ocrx_word' id='word_1_183' title='bbox 334 1790 441 1852; x_wconf 82' lang='lat' dir='ltr'><strong>voventi,</strong></span> <span class='ocrx_word' id='word_1_184' title='bbox 451 1793 477 1838; x_wconf 91' lang='lat' dir='ltr'><strong>ut</strong></span> <span class='ocrx_word' id='word_1_185' title='bbox 486 1787 576 1852; x_wconf 84' lang='lat' dir='ltr'><strong>quidum</strong></span> <span class='ocrx_word' id='word_1_186' title='bbox 586 1789 671 1840; x_wconf 73' lang='lat' dir='ltr'><strong>dicum.</strong></span> <span class='ocrx_word' id='word_1_187' title='bbox 686 1791 744 1853; x_wconf 74' lang='lat' dir='ltr'><strong>limo</strong></span> <span class='ocrx_word' id='word_1_188' title='bbox 757 1792 846 1842; x_wconf 86' lang='lat' dir='ltr'><strong>videtur</strong></span> 
     </span>
     <span class='ocr_line' id='line_1_25' title="bbox 53 1857 845 1924; baseline 0.003 -16"><span class='ocrx_word' id='word_1_189' title='bbox 53 1858 118 1924; x_wconf 84' lang='lat' dir='ltr'><strong>quod</strong></span> <span class='ocrx_word' id='word_1_190' title='bbox 132 1871 175 1908; x_wconf 88' lang='lat' dir='ltr'><strong>nco</strong></span> <span class='ocrx_word' id='word_1_191' title='bbox 188 1857 280 1910; x_wconf 82' lang='lat' dir='ltr'><strong>cuilibet</strong></span> <span class='ocrx_word' id='word_1_192' title='bbox 292 1858 415 1921; x_wconf 76' lang='lat' dir='ltr'><strong>uirginitati</strong></span> <span class='ocrx_word' id='word_1_193' title='bbox 427 1858 531 1908; x_wconf 72' lang='lat' dir='ltr'><strong>ool-eolo</strong></span> <span class='ocrx_word' id='word_1_194' title='bbox 540 1858 655 1922; x_wconf 82' lang='lat' dir='ltr'><strong>detentor,</strong></span> <span class='ocrx_word' id='word_1_195' title='bbox 667 1860 708 1911; x_wconf 87' lang='lat' dir='ltr'><strong>sed</strong></span> <span class='ocrx_word' id='word_1_196' title='bbox 717 1857 789 1914; x_wconf 81' lang='lat' dir='ltr'><strong>sellom</strong></span> <span class='ocrx_word' id='word_1_197' title='bbox 800 1861 845 1910; x_wconf 85' lang='lat' dir='ltr'><strong>nir-</strong></span> 
     </span>
     <span class='ocr_line' id='line_1_26' title="bbox 51 1928 370 1993; baseline 0.003 -16"><span class='ocrx_word' id='word_1_198' title='bbox 51 1928 145 1993; x_wconf 80' lang='lat' dir='ltr'><strong>glnileli</strong></span> <span class='ocrx_word' id='word_1_199' title='bbox 162 1940 190 1978; x_wconf 80' lang='lat' dir='ltr'><strong>ex</strong></span> <span class='ocrx_word' id='word_1_200' title='bbox 204 1933 257 1978; x_wconf 82' lang='lat' dir='ltr'><strong>uoto</strong></span> <span class='ocrx_word' id='word_1_201' title='bbox 267 1933 370 1978; x_wconf 75' lang='lat' dir='ltr'><strong>servule.</strong></span> 
     </span>
    </p>

    <p class='ocr_par' dir='ltr' id='par_1_7' title="bbox 52 1998 847 2272">
     <span class='ocr_line' id='line_1_27' title="bbox 87 1998 846 2063; baseline 0.004 -15"><span class='ocrx_word' id='word_1_202' title='bbox 87 2003 111 2049; x_wconf 77' lang='lat' dir='ltr'><strong>t.</strong></span> <span class='ocrx_word' id='word_1_203' title='bbox 135 1998 264 2059; x_wconf 77' lang='lat' dir='ltr'><strong>Plecterer,</strong></span> <span class='ocrx_word' id='word_1_204' title='bbox 282 2001 397 2063; x_wconf 77' lang='lat' dir='ltr'><strong>premium</strong></span> <span class='ocrx_word' id='word_1_205' title='bbox 417 2013 461 2050; x_wconf 91' lang='lat' dir='ltr'><strong>noo</strong></span> <span class='ocrx_word' id='word_1_206' title='bbox 483 1999 605 2062; x_wconf 81' lang='lat' dir='ltr'><strong>respondet</strong></span> <span class='ocrx_word' id='word_1_207' title='bbox 626 1999 770 2063; x_wconf 81' lang='lat' dir='ltr'><strong>necessitati,</strong></span> <span class='ocrx_word' id='word_1_208' title='bbox 794 2000 846 2051; x_wconf 86' lang='lat' dir='ltr'><strong>edm</strong></span> 
     </span>
     <span class='ocr_line' id='line_1_28' title="bbox 52 2069 847 2133; baseline -0.003 -11"><span class='ocrx_word' id='word_1_209' title='bbox 52 2080 123 2122; x_wconf 85' lang='lat' dir='ltr'><strong>omne</strong></span> <span class='ocrx_word' id='word_1_210' title='bbox 138 2069 242 2120; x_wconf 84' lang='lat' dir='ltr'><strong>meritum</strong></span> <span class='ocrx_word' id='word_1_211' title='bbox 259 2071 285 2121; x_wconf 61' lang='lat' dir='ltr'><strong>in,</strong></span> <span class='ocrx_word' id='word_1_212' title='bbox 302 2070 418 2120; x_wconf 79' lang='lat' dir='ltr'><strong>uoluntate</strong></span> <span class='ocrx_word' id='word_1_213' title='bbox 430 2069 545 2119; x_wconf 83' lang='lat' dir='ltr'><strong>consistat.</strong></span> <span class='ocrx_word' id='word_1_214' title='bbox 563 2070 606 2120; x_wconf 86' lang='lat' dir='ltr'><strong>Sed</strong></span> <span class='ocrx_word' id='word_1_215' title='bbox 623 2069 713 2133; x_wconf 86' lang='lat' dir='ltr'><strong>quidem</strong></span> <span class='ocrx_word' id='word_1_216' title='bbox 730 2073 784 2120; x_wconf 86' lang='lat' dir='ltr'><strong>sunt</strong></span> <span class='ocrx_word' id='word_1_217' title='bbox 802 2071 847 2120; x_wconf 85' lang='lat' dir='ltr'><strong>vir-</strong></span> 
     </span>
     <span class='ocr_line' id='line_1_29' title="bbox 53 2137 846 2203; baseline 0.001 -15"><span class='ocrx_word' id='word_1_218' title='bbox 53 2141 121 2203; x_wconf 74' lang='lat' dir='ltr'><strong>gines</strong></span> <span class='ocrx_word' id='word_1_219' title='bbox 133 2151 160 2190; x_wconf 86' lang='lat' dir='ltr'><strong>ex</strong></span> <span class='ocrx_word' id='word_1_220' title='bbox 173 2137 323 2199; x_wconf 85' lang='lat' dir='ltr'><strong>necessitate,</strong></span> <span class='ocrx_word' id='word_1_221' title='bbox 337 2143 363 2188; x_wconf 90' lang='lat' dir='ltr'><strong>nt</strong></span> <span class='ocrx_word' id='word_1_222' title='bbox 377 2139 508 2189; x_wconf 86' lang='lat' dir='ltr'><strong>nutornliter</strong></span> <span class='ocrx_word' id='word_1_223' title='bbox 521 2138 612 2203; x_wconf 77' lang='lat' dir='ltr'><strong>frigidi,</strong></span> <span class='ocrx_word' id='word_1_224' title='bbox 626 2143 650 2188; x_wconf 86' lang='lat' dir='ltr'><strong>et</strong></span> <span class='ocrx_word' id='word_1_225' title='bbox 666 2141 773 2190; x_wconf 83' lang='lat' dir='ltr'><strong>eunnclui.</strong></span> <span class='ocrx_word' id='word_1_226' title='bbox 787 2137 846 2202; x_wconf 76' lang='lat' dir='ltr'><strong>Ergo</strong></span> 
     </span>
     <span class='ocr_line' id='line_1_30' title="bbox 52 2209 575 2272; baseline -0.004 -13"><span class='ocrx_word' id='word_1_227' title='bbox 52 2209 181 2271; x_wconf 70' lang='lat' dir='ltr'><strong>uirginitati</strong></span> <span class='ocrx_word' id='word_1_228' title='bbox 193 2220 239 2260; x_wconf 91' lang='lat' dir='ltr'><strong>non</strong></span> <span class='ocrx_word' id='word_1_229' title='bbox 255 2221 345 2272; x_wconf 87' lang='lat' dir='ltr'><strong>semper</strong></span> <span class='ocrx_word' id='word_1_230' title='bbox 357 2209 450 2258; x_wconf 83' lang='lat' dir='ltr'><strong>detetur</strong></span> <span class='ocrx_word' id='word_1_231' title='bbox 463 2209 575 2258; x_wconf 69' lang='lat' dir='ltr'><strong>aureolo</strong></span> 
     </span>
    </p>

    <p class='ocr_par' dir='ltr' id='par_1_8' title="bbox 54 2275 845 2621">
     <span class='ocr_line' id='line_1_31' title="bbox 86 2275 845 2342; baseline 0 -12"><span class='ocrx_word' id='word_1_232' title='bbox 86 2281 135 2330; x_wconf 84' lang='lat' dir='ltr'><strong>Sed</strong></span> <span class='ocrx_word' id='word_1_233' title='bbox 148 2283 278 2341; x_wconf 76' lang='lat' dir='ltr'><strong>contracti,</strong></span> <span class='ocrx_word' id='word_1_234' title='bbox 290 2279 349 2342; x_wconf 85' lang='lat' dir='ltr'><strong>quod</strong></span> <span class='ocrx_word' id='word_1_235' title='bbox 358 2277 552 2333; x_wconf 72' lang='lat' dir='ltr'><strong>hebeturduod„</strong></span> <span class='ocrx_word' id='word_1_236' title='bbox 561 2275 639 2328; x_wconf 73' lang='lat' dir='ltr'><strong>llxllz</strong></span> <span class='ocrx_word' id='word_1_237' title='bbox 652 2277 750 2328; x_wconf 78' lang='lat' dir='ltr'><strong>uinctos</strong></span> <span class='ocrx_word' id='word_1_238' title='bbox 759 2282 782 2329; x_wconf 89' lang='lat' dir='ltr'><strong>el</strong></span> <span class='ocrx_word' id='word_1_239' title='bbox 791 2280 845 2330; x_wconf 85' lang='lat' dir='ltr'><strong>olle·</strong></span> 
     </span>
     <span class='ocr_line' id='line_1_32' title="bbox 54 2349 845 2414; baseline 0.001 -15"><span class='ocrx_word' id='word_1_240' title='bbox 54 2361 103 2400; x_wconf 83' lang='lat' dir='ltr'><strong>ram</strong></span> <span class='ocrx_word' id='word_1_241' title='bbox 119 2359 223 2399; x_wconf 79' lang='lat' dir='ltr'><strong>coronam</strong></span> <span class='ocrx_word' id='word_1_242' title='bbox 241 2349 362 2399; x_wconf 82' lang='lat' dir='ltr'><strong>aureolam.</strong></span> <span class='ocrx_word' id='word_1_243' title='bbox 379 2363 393 2394; x_wconf 82' lang='lat' dir='ltr'><strong>n</strong></span> <span class='ocrx_word' id='word_1_244' title='bbox 409 2349 487 2398; x_wconf 84' lang='lat' dir='ltr'><strong>Glosse</strong></span> <span class='ocrx_word' id='word_1_245' title='bbox 510 2363 516 2396; x_wconf 82' lang='lat' dir='ltr'>z</span> <span class='ocrx_word' id='word_1_246' title='bbox 532 2365 545 2397; x_wconf 79' lang='lat' dir='ltr'><strong>u</strong></span> <span class='ocrx_word' id='word_1_247' title='bbox 559 2350 590 2398; x_wconf 85' lang='lat' dir='ltr'><strong>ld</strong></span> <span class='ocrx_word' id='word_1_248' title='bbox 606 2351 664 2398; x_wconf 83' lang='lat' dir='ltr'><strong>hene</strong></span> <span class='ocrx_word' id='word_1_249' title='bbox 676 2361 780 2398; x_wconf 78' lang='lat' dir='ltr'><strong>coronam</strong></span> <span class='ocrx_word' id='word_1_250' title='bbox 794 2363 845 2414; x_wconf 87' lang='lat' dir='ltr'><strong>per·</strong></span> 
     </span>
     <span class='ocr_line' id='line_1_33' title="bbox 54 2417 842 2482; baseline 0.001 -13"><span class='ocrx_word' id='word_1_251' title='bbox 54 2421 116 2469; x_wconf 88' lang='lat' dir='ltr'><strong>lloct</strong></span> <span class='ocrx_word' id='word_1_252' title='bbox 127 2418 238 2467; x_wconf 87' lang='lat' dir='ltr'><strong>cuntiounr</strong></span> <span class='ocrx_word' id='word_1_253' title='bbox 253 2429 350 2480; x_wconf 81' lang='lat' dir='ltr'><strong>norum,</strong></span> <span class='ocrx_word' id='word_1_254' title='bbox 364 2420 424 2482; x_wconf 86' lang='lat' dir='ltr'><strong>qnod</strong></span> <span class='ocrx_word' id='word_1_255' title='bbox 434 2417 534 2478; x_wconf 81' lang='lat' dir='ltr'><strong>uirgines</strong></span> <span class='ocrx_word' id='word_1_256' title='bbox 548 2431 622 2468; x_wconf 84' lang='lat' dir='ltr'><strong>corum</strong></span> <span class='ocrx_word' id='word_1_257' title='bbox 636 2421 700 2481; x_wconf 79' lang='lat' dir='ltr'><strong>llgoo</strong></span> <span class='ocrx_word' id='word_1_258' title='bbox 711 2419 842 2482; x_wconf 60' lang='lat' dir='ltr'><strong>concinunt</strong></span> 
     </span>
     <span class='ocr_line' id='line_1_34' title="bbox 55 2487 845 2554; baseline 0 -15"><span class='ocrx_word' id='word_1_259' title='bbox 55 2488 153 2539; x_wconf 69' lang='lat' dir='ltr'><strong>scilicet</strong></span> <span class='ocrx_word' id='word_1_260' title='bbox 166 2487 205 2551; x_wconf 83' lang='lat' dir='ltr'><strong>qui</strong></span> <span class='ocrx_word' id='word_1_261' title='bbox 218 2491 341 2552; x_wconf 82' lang='lat' dir='ltr'><strong>sequnntur</strong></span> <span class='ocrx_word' id='word_1_262' title='bbox 357 2491 444 2552; x_wconf 76' lang='lat' dir='ltr'><strong>ignum</strong></span> <span class='ocrx_word' id='word_1_263' title='bbox 463 2499 603 2551; x_wconf 79' lang='lat' dir='ltr'><strong>quocumque</strong></span> <span class='ocrx_word' id='word_1_264' title='bbox 620 2487 679 2537; x_wconf 86' lang='lat' dir='ltr'><strong>ierit.</strong></span> <span class='ocrx_word' id='word_1_265' title='bbox 692 2489 771 2552; x_wconf 75' lang='lat' dir='ltr'><strong>»Ergo</strong></span> <span class='ocrx_word' id='word_1_266' title='bbox 787 2503 845 2554; x_wconf 79' lang='lat' dir='ltr'><strong>prcc-</strong></span> 
     </span>
     <span class='ocr_line' id='line_1_35' title="bbox 56 2555 676 2621; baseline -0.005 -12"><span class='ocrx_word' id='word_1_267' title='bbox 56 2559 128 2610; x_wconf 88' lang='lat' dir='ltr'><strong>mium</strong></span> <span class='ocrx_word' id='word_1_268' title='bbox 143 2558 202 2620; x_wconf 87' lang='lat' dir='ltr'><strong>qnod</strong></span> <span class='ocrx_word' id='word_1_269' title='bbox 212 2555 336 2621; x_wconf 79' lang='lat' dir='ltr'><strong>uirginitati</strong></span> <span class='ocrx_word' id='word_1_270' title='bbox 347 2558 453 2619; x_wconf 83' lang='lat' dir='ltr'><strong>debetur,</strong></span> <span class='ocrx_word' id='word_1_271' title='bbox 467 2557 550 2608; x_wconf 85' lang='lat' dir='ltr'><strong>dieitur</strong></span> <span class='ocrx_word' id='word_1_272' title='bbox 565 2557 676 2607; x_wconf 81' lang='lat' dir='ltr'><strong>aureola.</strong></span> 
     </span>
    </p>

    <p class='ocr_par' dir='ltr' id='par_1_9' title="bbox 89 2625 846 2689">
     <span class='ocr_line' id='line_1_36' title="bbox 89 2625 846 2689; baseline 0.004 -12"><span class='ocrx_word' id='word_1_273' title='bbox 89 2631 213 2689; x_wconf 72' lang='lat' dir='ltr'><strong>preterca,</strong></span> <span class='ocrx_word' id='word_1_274' title='bbox 228 2627 299 2682; x_wconf 74' lang='lat' dir='ltr'><strong>leni„</strong></span> <span class='ocrx_word' id='word_1_275' title='bbox 312 2625 368 2689; x_wconf 85' lang='lat' dir='ltr'><strong>Llll,</strong></span> <span class='ocrx_word' id='word_1_276' title='bbox 384 2627 480 2678; x_wconf 88' lang='lat' dir='ltr'><strong>dieitur:</strong></span> <span class='ocrx_word' id='word_1_277' title='bbox 495 2643 509 2674; x_wconf 85' lang='lat' dir='ltr'><strong>u</strong></span> <span class='ocrx_word' id='word_1_278' title='bbox 518 2627 571 2678; x_wconf 84' lang='lat' dir='ltr'><strong>liaec</strong></span> <span class='ocrx_word' id='word_1_279' title='bbox 585 2627 641 2677; x_wconf 91' lang='lat' dir='ltr'><strong>dicit</strong></span> <span class='ocrx_word' id='word_1_280' title='bbox 653 2627 760 2678; x_wconf 84' lang='lat' dir='ltr'><strong>[lominus</strong></span> <span class='ocrx_word' id='word_1_281' title='bbox 770 2631 846 2680; x_wconf 80' lang='lat' dir='ltr'><strong>ltnon-</strong></span> 
     </span>
    </p>
   </div>
   <div class='ocr_carea' id='block_1_3' title="bbox 60 2773 849 2901">
    <p class='ocr_par' dir='ltr' id='par_1_10' title="bbox 60 2773 849 2901">
     <span class='ocr_line' id='line_1_37' title="bbox 93 2773 847 2839; baseline 0.001 -16"><span class='ocrx_word' id='word_1_282' title='bbox 93 2773 128 2839; x_wconf 72' lang='grc' dir='ltr'><strong>(ί)</strong></span> <span class='ocrx_word' id='word_1_283' title='bbox 142 2777 205 2832; x_wconf 80' lang='lat' dir='ltr'><strong>ouod</strong></span> <span class='ocrx_word' id='word_1_284' title='bbox 220 2777 304 2834; x_wconf 78' lang='lat' dir='ltr'><strong>possim</strong></span> <span class='ocrx_word' id='word_1_285' title='bbox 324 2777 347 2820; x_wconf 90' lang='lat' dir='ltr'><strong>ln</strong></span> <span class='ocrx_word' id='word_1_286' title='bbox 364 2777 463 2824; x_wconf 74' lang='lat' dir='ltr'><strong>dedecus</strong></span> <span class='ocrx_word' id='word_1_287' title='bbox 480 2785 503 2823; x_wconf 88' lang='lat' dir='ltr'><strong>cl</strong></span> <span class='ocrx_word' id='word_1_288' title='bbox 516 2779 634 2824; x_wconf 73' lang='lat' dir='ltr'><strong>interminio</strong></span> <span class='ocrx_word' id='word_1_289' title='bbox 645 2779 760 2836; x_wconf 78' lang='lat' dir='ltr'><strong>roligionis</strong></span> <span class='ocrx_word' id='word_1_290' title='bbox 775 2781 847 2824; x_wconf 80' lang='lat' dir='ltr'><strong>cirris·</strong></span> 
     </span>
     <span class='ocr_line' id='line_1_38' title="bbox 60 2839 849 2901; baseline -0.005 -11"><span class='ocrx_word' id='word_1_291' title='bbox 60 2844 128 2890; x_wconf 78' lang='lat' dir='ltr'><strong>ticon</strong></span> <span class='ocrx_word' id='word_1_292' title='bbox 142 2846 255 2886; x_wconf 80' lang='lat' dir='ltr'><strong>lentulum</strong></span> <span class='ocrx_word' id='word_1_293' title='bbox 267 2839 403 2897; x_wconf 72' lang='lat' dir='ltr'><strong>depromis,</strong></span> <span class='ocrx_word' id='word_1_294' title='bbox 414 2847 477 2896; x_wconf 85' lang='lat' dir='ltr'><strong>pelet</strong></span> <span class='ocrx_word' id='word_1_295' title='bbox 486 2843 591 2898; x_wconf 84' lang='lat' dir='ltr'><strong>exemplo</strong></span> <span class='ocrx_word' id='word_1_296' title='bbox 602 2847 649 2886; x_wconf 87' lang='lat' dir='ltr'><strong>turn</strong></span> <span class='ocrx_word' id='word_1_297' title='bbox 657 2842 763 2901; x_wconf 74' lang='lat' dir='ltr'><strong>Agnetis,</strong></span> <span class='ocrx_word' id='word_1_298' title='bbox 771 2841 800 2886; x_wconf 74' lang='lat' dir='ltr'><strong>el</strong></span> <span class='ocrx_word' id='word_1_299' title='bbox 811 2843 849 2888; x_wconf 85' lang='lat' dir='ltr'><strong>ln·</strong></span> 
     </span>
    </p>
   </div>
   <div class='ocr_carea' id='block_1_4' title="bbox 0 0 990 3294">
    <p class='ocr_par' dir='ltr' id='par_1_11' title="bbox 0 0 990 3294">
     <span class='ocr_line' id='line_1_39' title="bbox 0 0 990 3294; baseline 0 0"><span class='ocrx_word' id='word_1_300' title='bbox 0 0 990 3294; x_wconf 95' lang='lat' dir='ltr'><strong> </strong></span> 
     </span>
    </p>
   </div>
  </div>
 </body>
</html>
