1954 3314
136 103 181 150 tet
258 110 454 159 contumuit,
473 107 566 153 ubter.
584 106 686 156 uuir,
702 107 758 146 eor.
773 109 805 146 rr.

134 187 190 242 ulite
196 199 242 238 ooo
251 185 436 248 mecutciuotenr
443 184 544 246 specio,
554 185 625 246 etper
635 191 777 246 ccmepaem
790 193 840 234 nec
853 184 939 238 ntem

133 267 235 310 numero.
250 256 309 319 bigo
319 259 386 308 eruut
399 251 561 316 corruptibilia.

164 331 189 378 u.
203 329 333 388 Praeterea,
349 323 370 376 si
384 334 478 386 corpora
491 323 648 374 damnatorum
665 333 712 376 nen
725 327 797 374 erunt
811 323 939 388 eorropti-

132 397 202 460 biiia,
212 401 252 447 eut
261 397 304 448 hoc
316 395 360 446 erit
376 395 541 456 permaturum,
555 397 646 456 autper
657 391 819 454 peramant
830 405 877 458 par
887 392 937 456 gio-

132 467 263 530 rumltor
282 478 323 530 per
339 470 456 527 natuom3
471 463 524 526 quia
542 467 596 514 eunt
612 463 687 514 tuturo
699 461 805 526 epsuem
827 467 934 526 meua,

133 538 199 603 eujuo
212 539 235 588 et
247 548 291 587 nec
304 537 372 596 aout3
388 545 432 584 neu
442 547 484 597 per
496 533 590 596 putum
604 534 642 586 uel
653 531 746 596 glorium
755 567 764 593 .
773 533 837 596 puin
849 534 935 586 talibus

133 607 225 662 omuino
237 605 353 656 carebunt.
370 605 430 668 Ergo
446 608 513 659 eruut
527 601 687 667 corruptibilia.

163 681 187 728 e.
203 676 328 737 Praetereo,
342 673 387 727 illie
405 674 445 738 qui
463 674 554 726 suntin
564 687 652 726 somma
665 673 774 735 numeria,
788 673 932 728 subtrahere

132 746 255 799 maximam
270 756 388 808 poenarum
399 743 488 796 uidetur
505 742 676 800 incouuenieae.
693 743 740 795 Sei
755 743 865 796 muima
879 757 932 808 pce·

94 881 97 888 ,
132 815 336 877 mmmertmere,
351 817 377 866 nt
388 817 451 878 putet
459 827 499 878 per
506 814 667 880 Pbilceopbnm
677 813 702 864 in
714 814 754 866 iit.
764 813 855 867 erue.
868 815 929 878 Ergo

132 885 282 946 tramontio,
291 885 331 948 poi
344 888 397 937 cunt
412 885 436 934 io
446 897 534 939 sonmo
550 885 658 946 miseria,
674 897 735 936 mors
750 885 873 937 removeri
885 897 929 938 oro

133 957 210 1012 tebet.
222 955 281 1018 itrpo
292 966 371 1008 eorum
382 966 476 1018 corpora
486 953 636 1020 corruptibilia
648 958 722 1010 eruut.

162 1026 208 1080 Seu
223 1027 316 1086 mutor,
332 1024 393 1089 poor
413 1024 495 1076 dicitur
517 1025 601 1090 opor..
621 1024 653 1078 iii
668 1040 675 1074 t
693 1041 707 1074 o
723 1024 750 1076 ln
772 1023 861 1078 eliebm
883 1024 928 1076 iiiia

132 1099 234 1164 pluerent
243 1095 347 1148 bomiuee
365 1097 474 1156 mortem,
487 1099 511 1146 et
523 1107 570 1148 non
583 1095 782 1159 inportuniorem
795 1101 822 1151 ct
837 1095 928 1152 uuile·

133 1169 213 1221 roboot
226 1166 298 1228 mori,
313 1170 339 1218 et
351 1165 424 1230 cupiet
435 1178 497 1218 more
509 1165 537 1216 eb
548 1165 591 1218 cie.
604 1181 619 1214 u

163 1239 289 1298 Praeterea,
303 1236 404 1291 damuati
422 1235 544 1300 punientur
565 1235 591 1289 iu
607 1235 682 1290 ebion
699 1240 723 1288 et
742 1247 840 1302 corpore
856 1237 925 1302 pori

133 1307 250 1375 perperna,
267 1308 370 1363 Metti..
380 1305 440 1358 XXV
455 1320 461 1354 :
478 1304 567 1356 utboni
582 1305 607 1356 io
623 1303 758 1371 supplicium
772 1311 924 1362 uenum.»

132 1379 179 1430 sod
196 1379 240 1430 troc
255 1389 306 1429 esce
321 1387 368 1428 nou
381 1378 468 1440 meoet,
479 1375 500 1426 ui
511 1387 588 1428 eorum
604 1387 698 1438 corpere
713 1375 871 1441 corruptibilia
881 1390 924 1430 erc·

132 1451 191 1502 sent.
205 1447 265 1512 erpo
277 1457 354 1500 eorum
370 1456 465 1518 corporp
477 1447 545 1496 erunt
556 1445 741 1510 incorruptibile.

166 1516 322 1580 (cumpace.
338 1539 369 1556 -
386 1515 446 1570 Cim
465 1515 579 1579 corupto
598 1517 631 1568 eit
652 1516 747 1569 monuo
768 1518 885 1583 potem
899 1525 923 1572 ei

132 1586 207 1640 mobis
224 1586 361 1652 principium
375 1588 429 1650 poet
441 1586 632 1642 resurrectionum
644 1590 668 1638 et
686 1586 760 1640 dcent
774 1593 800 1640 et
812 1590 922 1654 impedie-

131 1661 177 1721 tur,
191 1657 250 1708 nibil
264 1657 364 1720 eritque
377 1667 471 1720 corpora
480 1656 636 1708 damnatorum
647 1658 761 1723 cermmpi
769 1660 868 1723 poeemt.
879 1664 890 1722 p

161 1727 295 1792 Respondet
317 1727 451 1788 buttem,
464 1725 526 1790 pubi
543 1725 595 1780 cim
610 1727 635 1780 in
655 1728 718 1781 enni
737 1733 801 1786 molo
817 1735 921 1795 opereat

131 1809 183 1851 esee
197 1797 289 1858 aliquod
301 1795 437 1860 principium
450 1797 542 1858 motio,
557 1795 677 1860 dupliciter
689 1800 767 1852 mutue
781 1799 864 1864 utorio
881 1801 919 1854 rel

131 1865 226 1921 muotio
236 1864 336 1918 tmobili
348 1870 477 1920 removetur
492 1879 556 1918 :ooo
567 1867 648 1926 modo,
664 1878 706 1931 per
717 1869 761 1922 ior
775 1869 834 1932 poet
844 1871 917 1936 inpe-

130 1935 192 1988 ditur
199 1933 335 1999 principium
344 1935 433 1999 metim
443 1936 489 1988 elio
499 1935 576 1996 morlo,
584 1947 626 1998 per
636 1937 680 1990 boc
687 1938 748 2000 poet
760 1938 826 1996 deret
834 1941 916 2004 princi·

131 2004 196 2072 pium
208 2004 293 2058 mous.
306 2004 514 2068 conopeorum
527 2010 622 2060 munire
633 2006 737 2071 numeru
749 2012 793 2060 eu.
802 2008 864 2062 Unde
875 2012 915 2064 dn·

131 2075 220 2141 prium
232 2077 309 2138 potest
319 2073 451 2137 contingere
465 2079 492 2126 ut
504 2087 586 2140 corpus
601 2075 662 2140 quud
676 2087 706 2130 uu
720 2077 847 2133 crunon
859 2093 914 2134 πιο-

131 2160 181 2200 rum
194 2144 357 2211 principiorum
369 2145 580 2210 corruptibilitetem
595 2147 676 2208 babet,
687 2146 852 2220 incorruptibile
862 2152 911 2204 reri·

132 2216 216 2268 datur:
232 2226 277 2266 ouo
295 2214 374 2276 modu,
388 2226 417 2266 ex
428 2214 472 2267 boc
490 2217 549 2280 quod
563 2216 698 2280 principium
709 2217 737 2268 ad
751 2219 909 2284 comupticuen
966 2267 967 2272 ,

132 2297 239 2347 moveor,
250 2283 350 2336 multer
361 2284 456 2336 tollitur.
466 2285 495 2338 lit
508 2286 552 2338 boc
563 2285 630 2338 modo
643 2297 750 2350 corpora,
762 2287 907 2342 damnatorum

131 2353 310 2420 incorruptibile
328 2359 403 2406 erunt.
421 2354 478 2406 cnm
490 2355 552 2408 enim
567 2355 648 2409 coelum
661 2356 692 2408 eit
703 2356 801 2420 primum
820 2362 909 2414 aibruor

132 2427 274 2490 permotum
292 2437 357 2478 cuum
371 2425 480 2490 localem,
490 2430 515 2478 et
532 2425 575 2476 alie
588 2425 663 2478 eorum
676 2425 767 2490 mentia
779 2431 870 2482 secunda
887 2432 909 2482 in
966 2477 967 2484 ,

132 2495 215 2546 virtute
225 2493 299 2558 ipsius
308 2499 383 2559 agant,
392 2499 416 2548 et
429 2495 531 2560 questui
544 2495 595 2559 ipso
604 2497 674 2558 meto,
684 2499 773 2560 oportet
783 2498 840 2562 quit
852 2504 909 2554 ncta

133 2564 183 2616 creti
194 2569 296 2618 oeesuute
307 2565 364 2616 nibil
377 2565 407 2616 rit
419 2577 489 2629 agens
500 2567 560 2630 quot
570 2565 645 2630 possit
656 2577 739 2632 corpus
749 2579 789 2630 per
802 2570 909 2624 niunbu-

133 2647 185 2686 oem
197 2633 295 2699 aliquem
308 2639 457 2688 uansmuture
471 2636 484 2686 t
498 2635 594 2686 uatumii
608 2648 650 2688 rua
662 2635 807 2700 proprietate.
822 2640 847 2692 lt
861 2642 908 2694 ineo

133 2708 185 2768 post
196 2704 395 2768 resurrectionem,
411 2709 512 2756 cessame
533 2710 595 2756 motu
612 2705 677 2768 cccii,
692 2705 753 2756 noilr
769 2709 858 2771 qualitur
869 2711 907 2764 erit

133 2773 249 2830 ouiicieus
266 2780 290 2827 ut
304 2788 384 2842 corpus
403 2776 526 2828 bonerum
541 2776 635 2828 alterare
651 2777 724 2842 possit
740 2777 804 2832 true
823 2783 907 2834 ortmeii
